3111 5147
542 557 681 625 DE
734 558 1077 625 BELLo
1132 559 1624 628 GALLlco.
1681 561 1868 628 LIB.
1925 563 2007 630 v.
2210 564 2345 660 187

203 690 528 764 omnibus
571 691 872 787 partibus
912 691 1280 787 superiores
1302 689 1609 780 fuerint,
1652 706 1848 787 atque
1890 717 2003 765 eos
2044 694 2113 762 in
2156 683 2350 768 silvas

203 797 551 893 collesque
573 796 1058 892 compulerint.
1089 797 1237 886 sed,
1272 796 1725 892 compluribus
1755 800 2114 871 interfectis
2129 804 2346 897 ,cupi-

202 906 360 975 dius
405 906 721 993 insecuti,
755 903 1109 975 nonnullos
1143 930 1226 973 ex
1268 906 1400 975 suis
1441 906 1821 975 amiserunt.
1857 909 1948 976 At
1978 906 2107 996 illi,
2149 909 2350 978 inter-

207 1014 419 1084 misso
472 1013 721 1106 spatio,
764 1011 1292 1106 imprudentibus
1346 1013 1589 1082 nostris
1641 1027 1837 1133 atque
1889 1016 2226 1132 occupatis
2281 1017 2351 1084 in

208 1118 589 1190 munitione
617 1131 1024 1207 castrorum,
1046 1119 1264 1189 subito
1287 1143 1357 1189 se
1382 1144 1466 1189 ex
1491 1116 1670 1189 silvis
1686 1119 2052 1212 ejecerunt3
2070 1121 2349 1215 impetu·

209 1251 343 1320 que
388 1226 458 1293 in
501 1249 615 1294 eos
658 1223 869 1313 facto,
912 1227 1024 1319 qui
1066 1239 1256 1296 erant
1294 1228 1363 1294 in
1402 1227 1684 1296 statione
1718 1251 1844 1320 pro
1879 1227 2108 1297 castris
2146 1225 2346 1298 collo-

213 1334 348 1411 cati
362 1385 384 1418 ‚
412 1333 651 1411 acriter
691 1347 1187 1426 pugnaverunt:
1226 1332 1609 1426 duabusque
1651 1333 1862 1402 missis
1905 1332 2196 1403 subsidio
2238 1357 2349 1404 co·

212 1437 522 1512 hortibus
556 1462 596 1508 a
640 1440 940 1527 Caere,
975 1453 1173 1534 atque
1213 1439 1317 1508 his
1359 1440 1588 1534 primis
1608 1436 1625 1462 ¹
1657 1436 1993 1533 legionum
2036 1438 2352 1534 duarum,

217 1568 422 1639 quum
446 1545 584 1634 hae,
616 1546 973 1640 perexiguo
1010 1546 1379 1616 intermisso
1416 1544 1544 1616 loci
1585 1547 1801 1640 spatio
1824 1546 1998 1613 inter
2024 1571 2127 1633 se,
2154 1570 2349 1616 cons-

219 1649 532 1722 titissent²
535 1676 765 1741 ,novo
800 1676 1041 1747 genere
1072 1677 1333 1784 pugnae³
1351 1653 1713 1747 perterritis
1744 1652 1984 1722 nostris
1998 1704 2019 1739 ‚
2056 1677 2178 1747 per
2209 1677 2348 1722 me-

221 1756 360 1827 dios
388 1758 818 1830 audacissime
840 1743 1333 1898 perruperunt³
1336 1813 1356 1847 ‚
1383 1783 1581 1853 seque
1607 1758 1758 1827 inde
1791 1756 2153 1827 incolumes
2178 1783 2350 1829 rece·

221 1879 479 1957 perunt.
523 1867 624 1936 Eo
670 1865 777 1936 die
812 1867 897 1955 Ω.
949 1853 1317 1938 Laberius⁴
1360 1869 1590 1935 Durus
1614 1919 1634 1954 ,
1663 1865 1994 1936 Tribunus
2029 1863 2349 1954 militum,

224 1970 630 2041 interficitur.
663 1970 768 2041 Illi
783 1971 1163 2066 ‚pluribus
1144 1972 1449 2042 immissis
1473 1971 1888 2060 cohortibus»,
1912 1968 2343 2068 repelluntur.

333 2079 519 2146 XVI.
569 2081 737 2150 Toto
786 2079 918 2149 hoc
972 2081 1042 2147 in
1096 2102 1335 2174 genere
1388 2102 1667 2173 pugnae,
1708 2102 1915 2172 quum
1963 2076 2089 2147 sub
2140 2074 2351 2150 oculis

223 2184 525 2254 omnium
564 2209 639 2256 ac
673 2210 799 2282 pro
842 2187 1071 2258 castris
1113 2184 1573 2274 dimicaretur,
1596 2182 2001 2254 intellectum
2035 2198 2167 2271 est,
2192 2208 2347 2254 nos·

225 2303 396 2377 tros,
441 2307 711 2387 propter
753 2294 1188 2387 gravitatem
1188 2289 1585 2361 artnaturae¹
1590 2344 1612 2379 ,
1633 2290 1814 2385 quod
1854 2314 2067 2385 neque
2090 2290 2348 2384 insequi

227 2396 526 2466 cedentes
585 2413 892 2493 possent,
912 2395 1149 2493 'neque
1198 2398 1282 2467 ab
1338 2400 1537 2517 signis
1596 2397 1931 2468 discedere
1985 2395 2347 2485 auderent,

228 2504 430 2573 minus
465 2519 661 2599 aptos
694 2518 836 2575 esse
869 2505 956 2577 ad
997 2505 1194 2601 hujus
1227 2507 1484 2600 generis
1519 2503 1778 2577 hostem
1804 2529 1825 2593 3
1847 2504 2097 2598 equites
2122 2516 2346 2572 autem

227 2633 458 2705 magno
495 2636 652 2682 cum
678 2611 973 2707 periculo
1003 2612 1227 2707 praelio
1260 2610 1634 2700 dimicare²,
1661 2625 2014 2706 propterea
2048 2609 2227 2705 quod
2253 2606 2344 2678 illi

227 2717 409 2786 ctiam
444 2717 752 2788 consulto
784 2718 1172 2813 plerumque
1213 2718 1552 2805 cederent3
1578 2733 1678 2806 et,
1714 2743 1920 2812 quum
1950 2716 2221 2811 paulum
2258 2716 2342 2784 ab

228 2818 584 2916 legionibus
625 2840 892 2896 nostros
945 2827 1379 2895 removissent
1396 2877 1417 2912 ‚
1460 2849 1542 2893 ex
1585 2823 1827 2894 essedis
1869 2822 2233 2911 desilirent,
2275 2836 2344 2892 et

227 3024 345 3076 que,
359 3027 453 3080 qno
468 3006 767 3079 significare
794 3008 850 3061 h.
877 3008 915 3061 l.
947 3025 1236 3080 quorsum,
1321 3024 1445 3078 pm
1470 3006 1609 3059 bene
1643 3004 1932 3070 intellexit,
1965 3005 2118 3074 ὄλιγὸν
2151 3002 2343 3057 ἀπ’ἀλ-

226 3084 287 3138 ad
300 3107 458 3159 quos,
476 3088 535 3140 in
551 3106 785 3159 quorum
800 3086 1037 3141 domum.
1059 3087 1238 3158 Vulgo
1319 3086 1473 3143 λ’όλων
1501 3087 1810 3152 ἀπεχουσῶν.

225 3164 422 3237 legitur,
434 3187 468 3221 a
487 3168 869 3240 quibuspiam
883 3171 1099 3239 virgines
1110 3186 1242 3239 quae·
1406 3166 1458 3218 3.
1491 3164 1830 3235 Pers-mmm.
1874 3162 1979 3217 Alii
2004 3173 2339 3233 pmnanunt.

227 3248 476 3313 quedam
491 3260 619 3302 sune.
641 3247 776 3303 cod.
794 3260 974 3301 noster
990 3246 1242 3318 antiquis-
1323 3245 1628 3317 Utrumque
1650 3245 1802 3298 bene.

225 3326 378 3383 simus
406 3328 568 3382 babet
589 3347 901 3401 quopnmum
923 3330 1084 3397 virgo.
1101 3326 1240 3381 vul·
1405 3331 1458 3388 4.
1482 3325 1549 3394 Q.
1570 3324 1815 3377 [abarim.
1839 3323 1920 3376 Ita
1938 3339 2090 3395 grec.
2109 3318 2336 3376 etcndd.

224 3419 327 3476 gata
347 3408 509 3461 lectio
531 3409 907 3480 perspicuitate
929 3419 1154 3480 present.
1323 3405 1636 3477 pmaltera.
1657 3404 1857 3461 Contu-a
1873 3403 2074 3468 Celsus,
2092 3400 2340 3468 oro-im,

300 3488 445 3540 Cu».
477 3488 609 3542 XV.
650 3506 698 3542 1.
747 3490 915 3560 Aeque
957 3488 1030 3541 Ιώ
1067 3491 1239 3559 primis
1323 3484 1598 3543 Foeculfm
1633 3485 1832 3539 habent
1867 3483 2136 3545 Labienus,-
2169 3481 2340 3547 mele,

226 3565 463 3635 legionum
513 3567 727 3620 duat-mn.
761 3568 954 3623 Prima
994 3567 1239 3622 cobortes
1321 3577 1507 3623 nostro
1526 3562 1732 3637 judicio
1745 3603 1763 3630 ,
1803 3564 1905 3617 nisi
1941 3563 2039 3619 iste
2076 3562 2340 3616 Labienus

224 3646 676 3715 prasmbnnunon
693 3649 974 3703 buzninum
986 3666 1238 3713 numero,
1322 3646 1484 3701 fuerit
1501 3645 1835 3717 propinquus
1852 3645 1964 3714 eius
1977 3681 1993 3709 ‚
2014 3644 2109 3714 qui
2133 3643 2191 3695 in
2214 3659 2340 3696 con·

227 3738 284 3777 ut
311 3722 569 3781 Goduino
590 3728 815 3799 placuit,
842 3726 936 3781 sed
961 3728 1155 3783 virtute
1177 3745 1240 3780 ec
1323 3726 1528 3779 tinente
1557 3725 1772 3781 relictus
1794 3736 1906 3779 erat
1922 3741 2047 3777 cum
2072 3722 2241 3775 tribus
2262 3721 2341 3774 le-

225 3806 416 3859 mbore
457 3807 694 3861 virorum
739 3808 1052 3862 selectorum
1099 3808 1241 3861 inter
1320 3805 1584 3876 gionibus.
1598 3802 1741 3857 Vide
1759 3822 1917 3876 supra
1933 3806 1985 3858 8.
2002 3800 2137 3857 Cod.
2159 3813 2340 3856 noster

228 3902 420 3940 omnes.
451 3888 541 3941 Eo
582 3886 975 3960 propemodum
1002 3899 1152 3941 erant
1180 3888 1238 3941 in
1328 3885 1480 3955 5763
1502 3921 1519 3949 ,
1547 3883 1791 3937 Laberius.

227 3962 423 4035 legione
443 3986 689 4032 romana,
705 3986 824 4040 quae
840 3971 963 4021 sunt
979 3966 1121 4039 apud
1141 3984 1239 4021 nos
1403 3965 1532 4019 Cn.
1565 3964 1717 4017 XVI.
1758 3981 1805 4016 1.
1840 3960 2132 4015 Armatam.
2165 3959 2339 4013 Grec.

228 4043 286 4095 les
309 4050 612 4119 compagnias
638 4048 698 4101 de
721 4048 1015 4119 gunadiers.
1324 4045 1420 4099 int.
1445 4043 1713 4108 ὁπλίσιος,
1728 4043 1879 4095 benc.
1897 4041 2073 4111 Vulgo
2084 4058 2338 4097 armam.

303 4146 351 4180 α.
367 4128 568 4180 Inter-se
575 4132 845 4190 ,conuiuas
844 4139 939 4181 ent.
957 4126 1097 4180 Male
1110 4125 1242 4179 Vul-
1410 4144 1459 4179 2.
1481 4124 1666 4177 Praecab
1702 4122 1942 4175 damiam.
1973 4121 2157 4174 Proelno
2194 4120 2338 4174 abest

225 4217 341 4275 gatt.
392 4208 778 4280 interpungunt
823 4221 943 4261 ante
988 4210 1114 4259 inter
1154 4224 1235 4268 se,
1327 4205 1383 4257 in
1407 4204 1612 4268 multis·
1633 4216 1687 4257 et
1713 4202 1885 4274 reipsa
1910 4219 2019 4254 non
2054 4213 2132 4255 est
2156 4218 2336 4255 neces-

225 4300 328 4338 non
360 4301 481 4342 zmte
509 4292 843 4343 comedissent.
878 4288 1049 4342 Grac.
1076 4286 1241 4340 inter·
1328 4285 1562 4341 sarium·
1583 4282 1766 4339 deest
1751 4301 1809 4337 ιιι
1837 4280 1955 4337 cod.
1987 4282 2051 4337 R.
2089 4279 2260 4351 5764.
