3111 5147
489 524 628 592 DE
699 524 1048 592 BELLO
1104 524 2352 600 GALLICO.LIB.VI1.383

221 655 508 748 posteris
550 655 785 749 prodi,
831 653 1352 792 pulcherrimum
1399 654 1785 748 judicarem.
1828 661 2005 729 Nam
2057 659 2216 754 quid
2264 658 2357 729 illi

223 759 436 830 simile
469 760 644 831 bello
686 749 873 831 suit*
897 760 926 829 ἱ)
957 760 1381 856 Depopulata
1415 749 1693 832 Gallia¹⁵
1698 816 1719 852 ,
1761 765 2015 835 Cimbri
2035 790 2356 861 ‚—magna

219 891 355 961 que
398 866 576 936 illata
619 867 1035 956 calamitate,
1070 867 1313 937 finibus
1351 867 1617 962 quidem
1660 871 1938 940 nostris¹
1942 858 2357 967 ⁶aliquando

221 990 692 1061 excesserunt,
744 988 940 1069 atque
996 973 1154 1043 alias
1209 989 1417 1044 terras
1470 976 1843 1069 petierunt·
1826 1031 1846 1065 ,
1893 980 2093 1072 jura,
2142 977 2355 1073 leges,

221 1105 424 1176 agros
453 1134 473 1168 ,
516 1079 886 1150 libertatem
927 1081 1118 1151 nobis
1167 1079 1576 1175 reliquerunt
1604 1107 1620 1151 z
1659 1085 1947 1153 Romani
1996 1107 2159 1154 vero
2199 1084 2356 1179 quid

223 1200 464 1282 petunt
503 1187 714 1277 aliud,
750 1201 866 1256 aut
899 1186 1057 1281 quid
1091 1186 1366 1274 volunt,
1401 1190 1524 1258 nisi
1567 1189 1815 1259 invidia
1850 1190 2117 1260 adducti
2135 1244 2155 1278 ‚
2190 1215 2357 1285 quos

223 1293 411 1363 fama
457 1293 711 1363 nobiles
760 1308 1192 1388 potentesque
1242 1292 1416 1363 bello
1464 1312 1925 1388 cognoverunt
1942 1350 1963 1382 ,
2004 1297 2247 1368 horum
2289 1299 2357 1365 in

223 1401 408 1493 agris
447 1400 948 1494 civitatibusque
982 1399 1323 1469 considere
1344 1453 1366 1488 ,
1405 1414 1603 1494 atque
1644 1402 1747 1471 his
1789 1417 2101 1472 aeternam
2143 1404 2356 1498 injun-

223 1531 386 1600 gere
443 1505 874 1576 servitutem?
931 1530 1146 1601 neque
1199 1508 1375 1575 enim
1439 1531 1734 1602 unquam
1794 1507 1920 1577 alia
1984 1508 2391 1578 conditione*

225 1611 404 1682 bella
441 1627 802 1708 gesserunt.
849 1612 1052 1701 Quod
1095 1614 1149 1681 si
1188 1635 1268 1682 ea
1291 1667 1311 1703 ,
1355 1637 1502 1707 quae
1544 1616 1613 1682 in
1656 1613 2029 1710 longinquis
2081 1616 2357 1684 nationi-

228 1718 360 1787 bus
427 1735 749 1814 geruntur
770 1773 791 1809 ,
842 1720 1158 1814 ignoratis
1193 1744 1213 1809 ;
1257 1720 1562 1814 respicite
1620 1719 1967 1790 finitimam
2029 1720 2309 1791 Galliam
2339 1774 2359 1809 ,
2414 1741 2421 1746 ·

227 1850 381 1922 quae
416 1828 484 1895 in
519 1828 932 1922 provinciam
971 1825 1242 1897 redacta
1267 1879 1288 1914 ,
1309 1828 1456 1921 jure
1495 1840 1565 1894 et
1606 1825 1859 1921 legibus
1904 1830 2323 1897 commutatis
2342 1879 2363 1914 ,

229 1933 572 2002 securibus
616 1931 1000 2027 subjecta¹⁷‚
1040 1947 1360 2028 perpetua
1403 1935 1730 2028 premitur
1772 1934 2107 2002 servitute.
2148 1962 2183 1998 n

340 2042 721 2109 LXXVIII.
779 2042 1131 2109 Sententiis
1170 2038 1362 2108 dictis
1403 2041 1814 2109 constituunt
1838 2092 1859 2128 ,
1892 2054 2002 2127 ut,
2030 2042 2143 2133 qui
2185 2038 2360 2108 vale·

230 2146 462 2215 tudine
491 2160 606 2215 aut
632 2160 822 2215 aetate
850 2145 1110 2215 inutiles
1138 2149 1269 2215 sint
1292 2144 1497 2234 bello,
1519 2145 1767 2241 oppido
1790 2146 2144 2232 excedant3
2167 2159 2363 2239 atque

229 2255 455 2321 omnia
486 2255 668 2347 prius
697 2250 1392 2347 experiantur¹‚quam
1423 2253 1507 2322 ad
1535 2250 1940 2346 Critognati²
1975 2253 2362 2321 sententiam

333 2457 420 2514 14.
468 2450 600 2503 Nan·
645 2449 765 2522 quid
811 2449 886 2501 illi
942 2449 1092 2500 sinu'le
1134 2443 1294 2500 bello³

1343 2451 1538 2504 habere
1546 2451 1886 2522 cogebantur,
1895 2452 1987 2521 qui
1997 2451 2109 2504 illas
2118 2463 2363 2523 tanquan

221 2532 381 2599 suit?
410 2527 554 2596 Quid
599 2530 652 2582 in
680 2528 819 2582 bello
865 2547 893 2581 a
926 2528 1156 2583 Cimbris
1200 2528 1260 2581 il·

1343 2531 1580 2604 harpyia
1606 2543 1658 2583 et
1700 2529 1976 2583 hirudines
2018 2532 2364 2603 exsugebant;

231 2610 371 2663 lato?
386 2610 662 2664 Proestaret
693 2610 803 2660 huic
829 2608 973 2672 bello,
998 2604 1158 2679 ἕτούτῳ
1185 2616 1257 2681 τῷ

225 2693 436 2761 «πολέμῳ
453 2729 472 2757 ,
488 2703 548 2743 ut
573 2690 731 2743 habet
758 2707 956 2759 grecus
981 2688 1258 2760 interpres.

236 2771 440 2823 Omnes
473 2768 632 2823 codd.
664 2769 861 2821 habent
891 2769 979 2820 illi.

329 2868 350 2903 1
367 2851 416 2903 5.
449 2849 754 2920 Depopulata
797 2847 982 2901 Gallia.
1020 2847 1261 2899 Verbum

237 2928 516 3002 ὴοᾳφιοά
540 2928 811 3000 deponens
832 2945 976 2979 nunc
989 2939 1261 2992 censetur,

235 3009 299 3063 h.
331 3010 368 3063 l.
401 3009 659 3082 passivam
671 3005 1108 3078 significationem
1120 3005 1262 3058 obti-

235 3102 351 3143 net.
383 3090 468 3143 Sic
491 3088 856 3160 supra,l.1,c.
875 3084 1264 3157 11,depopulatis

238 3174 393 3240 «grah.
414 3170 496 3221 Ita
523 3186 736 3239 quoque
765 3166 952 3218 Horat.
981 3166 1019 3218 l.
1050 3183 1150 3245 ιιι,
1171 3162 1261 3217 od.

245 3251 315 3314 5,
337 3268 391 3302 v.
430 3256 533 3312 ²4²
560 3249 699 3300 Arva
727 3246 891 3299 Marte
922 3202 1265 3315 colipopidata

241 3341 424 3382 »ωτι-υ.
449 3329 519 3380 Et
540 3327 731 3398 virgil.
753 3328 877 3378 AEn.
902 3341 994 3390 vt,
1023 3328 1165 3394 496,
1183 3343 1268 3375 aa·

239 3409 376 3462 tibus
396 3413 548 3479 raptis
567 3418 776 3477 tempora
777 3405 1016 3476 populata
1033 3403 1183 3457 dixit.

331 3508 354 3542 1
367 3486 629 3543 &Finibus
646 3487 832 3559 quidem
844 3483 1261 3553 nosenk.Quidem‚

244 3567 304 3621 {d
327 3581 437 3634 est,
460 3566 716 3639 profecto.
745 3564 886 3617 Male
910 3576 962 3616 et
979 3575 1162 3617 contra
1178 3581 1267 3616 co·

245 3647 392 3703 dices
420 3648 628 3718 vulgata
655 3662 842 3698 vocem
871 3643 1010 3697 hanc
1039 3642 1268 3708 omittit,

245 3746 367 3800 qne
390 3725 661 3781 sententiae
683 3723 971 3777 necessaris
991 3735 1084 3775 est.

336 3825 359 3859 1
373 3825 426 3876 7.
438 3804 690 3861 securibus
709 3804 934 3873 subjecta.
952 3799 1268 3855 Ostendith.

246 3887 285 3940 l.
313 3887 435 3958 quis
465 3903 645 3939 earum
670 3883 1078 3953 civitatumque
1106 3899 1136 3933 a
1169 3883 1272 3933 Ro-

247 3967 421 4019 manis
435 3966 493 4018 in
511 3963 843 4037 provinciam
869 3959 1270 4033 redigebantur,

249 4058 418 4100 status
474 4045 650 4098 fuerit.
701 4043 968 4097 Nimirum
1025 4038 1271 4112 presidio

249 4128 484 4197 primum
509 4123 757 4195 imposito
771 4121 1272 4193 gravabantunno-
1301 4140 1306 4147 ·

249 4201 789 4276 manisstipendiariae
807 4220 865 4255 ac
882 4200 1158 4272 vectigales
1177 4199 1272 4251 fie-

251 4287 409 4355 bant3
428 4301 718 4354 eorumque
734 4281 950 4335 nornine
962 4280 1272 4351 publicanos

1345 2608 1577 2681 denique
1623 2611 1955 2682 magistratus
1986 2630 2014 2663 a
2059 2630 2184 2683 pop.
2228 2632 2363 2667 rom.

1346 2692 1673 2762 accipiebant
1692 2709 1815 2743 cum
1838 2690 2114 2743 lictoribus
2144 2704 2197 2744 et
2227 2710 2370 2746 secu·

1346 2770 1525 2835 ribus,
1558 2770 1650 2840 qui
1687 2770 1820 2835 illis,
1841 2770 2042 2841 legibus
2067 2771 2250 2841 patriis
2278 2791 2369 2825 ne·

1346 2850 1547 2920 ghotis,
1552 2852 1640 2919 jus
1659 2847 1913 2902 dicerent.
1925 2850 2125 2902 Confer
2135 2850 2364 2906 uffan.

1348 2929 1602 2980 Veri-inas
1624 2940 1678 2980 et
1703 2927 2041 2999 Philippica.
2068 2929 2364 2986 Βωτιυο.

1427 3007 1554 3061 Cu».
1584 3007 1893 3059 LXXVIII.
1940 3025 1990 3059 1.
2019 3007 2364 3078 Experiamur.

1349 3083 1522 3140 codd.
1554 3085 1799 3138 nonnulli
1813 3123 1830 3150 ,
1862 3086 2000 3138 inter
2024 3104 2157 3156 quoe
2188 3102 2367 3142 noster

1354 3166 1538 3236 5763,
1570 3165 1896 3235 expediantur.
1927 3165 2049 3217 Non
2080 3166 2217 3218 male
2236 3186 2368 3238 qno-

1349 3264 1453 3316 que
1482 3264 1496 3299 :
1527 3263 1653 3298 nam
1678 3245 2014 3317 alibi-passim
2035 3243 2232 3298 dicitur
2256 3247 2365 3299 adi·

1351 3337 1428 3378 tas
1448 3325 1693 3396 expedire,
1723 3344 1817 3377 rem
1834 3327 2201 3394 frumentariam
2231 3346 2367 3399 expe-

1351 3405 1476 3467 dire,
1505 3418 1560 3458 et
1585 3405 1861 3477 pecunias,
1890 3423 2076 3469 naves,
2108 3416 2206 3459 etc.
2232 3426 2369 3478 expe-

1351 3485 1468 3537 dire.
1492 3484 1642 3538 Nihil
1664 3497 1839 3538 tamen
1861 3482 2174 3537 mutandum
2201 3503 2215 3538 ε
2244 3505 2367 3539 nam

1353 3577 1567 3637 prostat
1585 3564 1645 3618 h.
1665 3564 1701 3618 l.
1728 3569 2048 3636 experiantur.

1438 3664 1490 3698 α.
1521 3645 1682 3714 Quam
1702 3644 1773 3696 ad
1786 3644 2066 3713 Critognati
2089 3649 2367 3698 mantiam

1354 3723 1655 3776 descendant.
1677 3723 1829 3776 Prius
1842 3723 2019 3776 omnia
2040 3725 2266 3795 experiri
2278 3744 2370 3777 vo-

1353 3803 1473 3856 lunt
1485 3840 1502 3867 ,
1515 3820 1677 3874 quani
1696 3800 1762 3856 ad
1774 3815 2064 3856 extremum
2076 3802 2207 3856 illud
2222 3802 2369 3876 qnod

1358 3882 1696 3953 Critognstus
1709 3883 1784 3935 eis
1795 3880 2048 3935 suadebat
2069 3880 2368 3938 decurrere:

1356 3964 1503 4034 cnjus
1526 3975 1701 4015 tamen
1722 3961 1944 4014 consilio
1956 3973 2370 4029 tumnterentnr,

1356 4042 1399 4094 si
1431 4042 1709 4095 necessitas
1738 4052 1976 4112 urgeret,
2005 4042 2182 4112 potins
2211 4062 2371 4115 qnam

1356 4140 1411 4175 se
1432 4119 1705 4175 dederent.
1722 4121 1803 4173 Itn
1826 4139 2039 4192 quoque
2064 4139 2261 4192 graeeus
2289 4125 2371 4176 in-

1358 4213 1521 4272 terpr.
1539 4201 1798 4255 intellexit
1811 4238 1829 4267 ‚
1844 4202 1877 4259 ἢ
1890 4200 2029 4257 κατὰ
2054 4203 2141 4259 τὴν
2157 4208 2242 4256 τοῦ
2261 4210 2376 4276 xpe-

1357 4282 1597 4352 τογνσίτου
1612 4280 1810 4354 γνώμην
1822 4284 1994 4335 ποιεῖν.
2014 4280 2187 4338 codd.
2201 4296 2373 4338 entem
