3111 5147
725 538 874 623 284
995 540 1071 607 C.
1127 538 1408 607 JULII
1478 534 1948 604 CAESARIS
2015 533 2565 603 COMMENT.

718 670 934 763 equite
975 694 1249 738 romano
1270 724 1290 757 ‚
1322 670 1434 763 qui
1466 669 1557 737 eis
1591 681 1734 735 erat
1773 667 2162 762 praepositus
2181 719 2199 749 ,
2238 690 2356 760 per
2391 665 2646 736 medios
2686 667 2834 738 hos-

716 790 816 845 tes
858 791 1294 870 perrumpunt
1314 829 1332 863 ‚
1369 773 1860 868 incolumesque
1888 773 1971 840 ad
2009 797 2215 861 unum
2246 796 2476 863 omnes
2512 775 2579 840 in
2626 779 2837 844 casti-a

715 885 1126 976 perveniunt.
1174 886 1313 950 Hos
1350 879 1681 950 subsecuti
1723 878 2003 949 calones
2024 881 2402 973 equitesque
2440 878 2691 948 eodem'
2720 883 2835 949 im-

715 1001 876 1081 petu
899 1042 919 1075 ‚
954 988 1233 1056 militum
1275 989 1516 1055 virtute
1558 1001 1920 1055 servantur.
1954 989 2042 1053 At
2082 987 2168 1071 ii,
2197 986 2304 1078 qui
2344 987 2411 1053 in
2440 985 2606 1079 jugo
2652 1012 2834 1056 cons-

715 1094 1021 1181 titerant,
1057 1093 1241 1162 nullo
1293 1094 1489 1161 etiam
1542 1117 1722 1161 nunc
1764 1117 1888 1161 usu
1948 1093 2042 1159 rei
2101 1089 2396 1160 militaris
2443 1091 2759 1187 percepto
2786 1079 2836 1181 ⁶,

717 1223 930 1292 neque
965 1202 1029 1267 in
1075 1225 1155 1268 eo
1176 1253 1195 1283 ‚
1238 1199 1413 1292 quod
1462 1198 1942 1292 probaverant,
1984 1196 2256 1266 consilio
2297 1221 2724 1292 permanere,
2765 1213 2839 1268 ut

719 1328 789 1372 se
814 1303 960 1374 loco
985 1307 1319 1400 superiore
1343 1303 1773 1373 'defenderent
1792 1358 1812 1391 ‚
1839 1328 2051 1398 neque
2079 1327 2223 1371 eam
2244 1358 2263 1391 ‚
2289 1328 2488 1397 quam
2515 1304 2840 1398 profuisse

717 1407 855 1479 aliis
898 1413 1032 1479 vim
1067 1409 1595 1504 celeritatemque
1625 1410 1964 1497 viderant,
1995 1411 2230 1479 imitari
2268 1425 2658 1504 potuerunt;
2684 1412 2837 1499 sed,

720 1540 788 1584 se
813 1518 882 1583 in
910 1532 1122 1586 castra
1153 1519 1442 1611 recipere
1470 1518 1687 1586 conati
1712 1570 1731 1603 ‚
1753 1517 2046 1609 iniquum
2075 1518 2143 1583 in
2174 1513 2394 1585 locum
2421 1514 2833 1586 demiserant.

718 1623 1153 1693 Centuriones
1173 1678 1193 1710 ‚
1234 1648 1518 1717 quorum
1555 1620 1852 1691 nonnulli
1897 1647 1977 1690 ex
2010 1620 2457 1689 inferioribus⁷
2498 1620 2835 1691 ordinibus

717 1725 1112 1821 reliquarum
1167 1729 1501 1823 legionum
1558 1730 1816 1796 virtutis
1866 1752 2062 1797 causa
2118 1728 2185 1794 in
2229 1729 2595 1822 superiores
2650 1742 2837 1797 erant

717 1833 979 1902 ordines
1014 1836 1210 1927 hujus
1247 1834 1516 1928 legionis
1551 1832 1915 1902 transducti
1933 1887 1952 1919 ‚
1986 1857 2069 1901 ne
2106 1847 2256 1902 ante
2298 1849 2556 1927 partam
2591 1835 2686 1902 rei
2720 1837 2837 1902 mi-

716 1934 918 2007 litaris
961 1938 1221 2008 laudem
1257 1942 1634 2008 amitterent
1653 1993 1671 2027 ‚
1722 1940 2069 2008 fortissime
2126 1953 2492 2034 pugnantes
2537 1940 2838 2009 concide-

715 2058 889 2113 runt.
943 2043 1231 2115 Militum
1281 2070 1434 2140 pars
1455 2100 1472 2133 ‚
1529 2046 1772 2114 horum
1822 2046 2064 2113 virtute
2113 2032 2430 2114 submotis
2487 2046 2793 2115 hostibus
2822 2102 2840 2135 ,

714 2165 954 2245 praeter
989 2176 1171 2246 spem
1203 2152 1546 2222 incolumis
1576 2154 1645 2221 in
1681 2165 1895 2222 castra
1929 2153 2268 2247 pervenit3
2296 2176 2449 2246 pars
2479 2176 2520 2221 a
2545 2152 2839 2222 barbaris

716 2258 1165 2327 circumventa
1206 2261 1413 2354 periit.

725 2396 731 2406 ·
820 2366 1000 2433 XLI.
1059 2367 1375 2434 Germani
1403 2419 1421 2453 ‚
1465 2366 1810 2461 desperata
1869 2366 2352 2462 expugnatione
2418 2382 2787 2437 castrorum
2812 2420 2832 2456 ‚

714 2469 894 2563 quod
942 2485 1202 2540 nostros
1245 2473 1382 2565 jam
1422 2475 1787 2543 constitisse
1842 2476 1911 2542 in
1958 2475 2426 2543 munitionibus
2478 2474 2790 2543 videbant
2816 2527 2835 2562 ,

715 2601 869 2645 cum
894 2601 970 2645 ea
995 2578 1216 2671 praeda
1236 2597 1262 2666 ,⁴
1285 2603 1481 2672 quam
1507 2582 1575 2648 in
1604 2578 1778 2649 silvis
1814 2567 2287 2675 deposuerant,
2309 2597 2492 2651 trans
2526 2582 2835 2650 Rhenum

695 2701 880 2750 'sese'
922 2699 1329 2778 receperunt.
1387 2687 1485 2754 Ac
1537 2701 1760 2756 tantus
1817 2687 1940 2756 fuit
1960 2687 2003 2774 ¹,
2039 2690 2235 2757 etiam
2272 2704 2426 2781 post
2476 2687 2832 2758 discessum

714 2786 1040 2877 hostium,
1066 2806 1279 2860 terror
1302 2846 1320 2874 ,
1358 2806 1436 2860 ut
1474 2816 1552 2860 ea
1594 2809 1790 2862 nocte
1810 2848 1829 2881 ‚
1849 2819 2052 2887 quum
2079 2798 2154 2864 C.
2176 2792 2552 2865 Volusenus
2601 2795 2833 2863 missus

717 2918 870 2962 cum
906 2897 1198 2990 equitatu
1233 2897 1317 2967 ad
1360 2913 1571 2968 castra
1612 2902 1933 2987 venisset,
1961 2900 2159 2969 fidem
2199 2925 2336 2968 non
2372 2898 2680 2986 faceret²‚
2722 2898 2835 2967 ad*

717 3024 859 3071 esse
898 3027 1051 3072 cum
1088 3004 1398 3100 incolumi
1440 3007 1767 3076 Caesarem
1790 2992 1813 3031 ³
1859 3009 2164 3076 exercitu.
2213 3009 2321 3076 Sic
2357 3007 2655 3075 omnium
2697 3006 2831 3074 ani—

797 3219 850 3270 6.
873 3216 1215 3287 Usupercepto.
1232 3216 1352 3269 Scil.
1372 3217 1466 3288 qui
1488 3215 1728 3270 nondum
1814 3235 2093 3283 ranorum,
2114 3215 2551 3288 adipiscebantum
2564 3233 2833 3285 novasque

712 3308 1055 3366 perceperant
1094 3296 1483 3366 experientiam.
1516 3300 1583 3349 Τὸ
1622 3317 1731 3366 per-
1813 3297 2044 3369 legiones
2077 3295 2146 3349 ad
2172 3297 2486 3367 optimarum
2509 3291 2727 3345 modum
2754 3304 2833 3345 at-

715 3388 848 3445 cepto
859 3373 1142 3427 delendum
1159 3373 1374 3446 quidam
1389 3386 1596 3446 putant.
1615 3375 1732 3428 Sca·
1815 3396 1918 3448 que
1940 3376 2301 3448 disciplinam,
2318 3377 2429 3429 sine
2446 3373 2549 3425 ulla
2570 3372 2830 3443 temporis

714 3453 847 3526 liger
864 3452 919 3506 id
937 3454 1143 3507 uncinis
1157 3454 1345 3520 cinxit,
1364 3466 1547 3507 contra
1567 3455 1732 3509 Caesa·
1809 3456 2038 3527 jactura,
2062 3456 2331 3528 fingebant
2359 3452 2759 3509 robustissimas.

713 3534 788 3586 ris
806 3534 972 3606 ipsius
985 3534 1333 3588 autoritatem.
1350 3534 1487 3587 B.C.
1517 3552 1614 3599 111,
1634 3536 1725 3599 84.
1822 3567 1827 3574 ·
1893 3535 2022 3589 Cn».
2044 3536 2185 3589 XLI.
2221 3555 2267 3589 1.
2297 3536 2378 3589 Ac
2409 3546 2563 3586 tantm
2584 3535 2709 3601 fuit.
2732 3534 2834 3585 Da·

781 3632 835 3684 7.
848 3614 1085 3667 Nonnulli
1096 3635 1156 3666 ex
1168 3613 1482 3681 infir-loribus.
1500 3614 1577 3665 Ut
1588 3613 1729 3685 apud

712 3710 811 3745 nos
825 3692 1105 3764 aliquando
1111 3693 1191 3759 fit,
1207 3693 1451 3746 nonnulli
1465 3693 1729 3746 inferioris

713 3770 1729 3845 ordiniscenturionesinlegionevetere,

714 3851 783 3904 ad
794 3853 1089 3924 superiores
1109 3854 1326 3923 legionis
1340 3866 1578 3907 recenter
1599 3871 1727 3907 eon·

714 3933 922 4003 scripta
977 3932 1189 3987 ordines
1214 3972 1232 3998 ‚
1275 3937 1387 4005 ejus
1439 3932 1729 3987 formandae

714 4028 885 4077 causa,
891 4016 1354 4084 promovebantur.
1365 4014 1643 4085 Duplicem
1653 4014 1730 4066 in·

716 4086 784 4141 de
831 4092 1108 4147 utilitatem
1148 4095 1423 4165 capiebant
1446 4113 1460 4147 :
1503 4083 1558 4146 1⁰
1594 4095 1728 4147 hene

715 4169 931 4223 meritos
959 4174 1460 4239 remunerabantur-3
1497 4164 1554 4227 2⁰
1578 4173 1727 4244 -opti-

717 4265 833 4301 mos
856 4248 1048 4306 milites
1062 4289 1079 4320 ‚
1108 4253 1298 4324 peritia
1336 4256 1550 4324 juvante
1590 4264 1728 4306 vete·

1813 3614 1976 3668 visius
1998 3615 2113 3668 vult
2140 3628 2195 3666 at
2224 3629 2404 3669 tantus.
2437 3615 2832 3686 Perperam,·et

1813 3694 1928 3747 sine
1955 3695 2278 3749 auctoritate.
2312 3695 2494 3747 Nostri
2522 3692 2682 3746 codd.
2712 3711 2808 3744 ac.-

1898 3794 1949 3827 ει.
1981 3775 2153 3828 Fidem
2195 3793 2289 3828 non
2308 3776 2511 3841 faceret.
2550 3775 2633 3826 Ita
2676 3769 2826 3825 codd.

1813 3866 1929 3906 tum
1955 3856 2155 3919 nostri,
2175 3868 2289 3907 tum
2314 3852 2664 3923 Oudendorp.
2696 3852 2828 3906 Can-

1814 3945 1984 3998 terus,
2003 3954 2099 3986 non
2123 3935 2328 3987 haberet.
2345 3935 2415 3985 At
2444 3930 2730 3986 dicendum
2756 3930 2830 3983 fo-

1812 4026 1894 4066 ret
1907 4052 1923 4080 ,
1954 4027 2013 4068 ut
2041 4014 2282 4066 observat
2320 4013 2561 4066 Oberlin.
2588 4011 2826 4064 haberem.

1812 4092 1916 4146 Sed
1933 4095 2088 4148 ambo
2110 4093 2203 4155 hic
2221 4111 2396 4145 errare
2411 4092 2545 4145 mihi
2560 4090 2828 4144 videntur.

1895 4175 1945 4228 3.
1994 4173 2178 4226 Adesse
2223 4171 2478 4224 Caesarem.
2535 4171 2829 4224 Hotmanus

1810 4252 1917 4308 huc
1940 4255 2101 4309 refert
2130 4253 2306 4308 locum
2331 4271 2360 4306 e
2386 4251 2604 4311 Sueten.
2624 4251 2733 4305 sul.
2769 4249 2827 4304 C.
