3111 5147
531 537 670 607 DE
722 537 1070 606 BELLO
1126 540 1615 611 GALLICO.
1672 546 1867 615 LIB.
1919 547 2051 616 VI.
2253 547 2403 621 283

261 670 435 741 tium
457 723 478 756 ,
527 666 838 764 gravibus
893 671 1181 764 acceptis
1236 669 1663 743 vulneribus:
1724 701 1897 771 aegre
1919 731 1941 765 ,
1996 703 2118 773 per
2165 705 2401 751 manus

259 790 517 847 tractus
549 829 570 864 ,
613 789 932 874 servatur.
996 778 1145 847 Hoc
1205 780 1418 872 spatio
1479 782 1866 877 interposito
1898 837 1918 872 ,
1973 784 2205 881 reliqui
2261 812 2401 858 sese

259 882 667 954 confirmant
688 897 948 953 tantum
966 935 986 971 ‚
1004 898 1082 953 ut
1103 885 1172 953 in
1200 887 1676 958 munitionibus
1700 892 2057 961 consistere
2081 893 2367 963 audeant
2380 948 2400 984 ‚

261 992 681 1087 speciemque
723 988 1147 1061 defensorum
1197 991 1553 1085 praebeant.

371 1098 693 1167 XXXIX.
748 1098 1024 1167 Interim
1064 1097 1368 1169 confecta
1402 1098 1914 1172 frumentatione
1928 1157 1948 1192 ,
1975 1103 2211 1174 milites
2245 1130 2397 1176 nos-

261 1206 350 1273 tri
387 1202 746 1275 clamorem
788 1203 1184 1275 exaudiunt:
1223 1222 1643 1300 praecurrunt
1681 1210 1931 1303 equites
1951 1263 1971 1298 ,
2011 1226 2260 1306 quanto
2293 1238 2401 1283 res

263 1312 351 1379 sit
392 1312 461 1378 in
503 1308 798 1405 periculo
816 1363 836 1398 ,
880 1326 1311 1406 cognoscunt.
1359 1314 1486 1382 Hic
1519 1338 1684 1382 vero
1718 1314 1899 1385 nulla
1940 1320 2219 1388 munitio
2262 1334 2363 1389 est
2380 1373 2397 1408 ,

263 1442 414 1511 quae
465 1419 847 1512 perterritos
906 1418 1212 1513 recipiat:
1271 1417 1475 1488 modo
1531 1423 1887 1517 conscripti
1905 1475 1925 1510 ,
1985 1437 2184 1518 atque
2242 1450 2399 1496 usus

265 1522 559 1594 militaris
617 1524 902 1619 imperiti
921 1576 942 1611 ,
980 1523 1067 1593 ad
1126 1523 1468 1594 tribunum
1520 1524 1805 1597 militum
1852 1531 2399 1627 centurionesque

267 1656 385 1699 ora
446 1644 897 1701 convertunt:
954 1629 1112 1725 quid
1160 1630 1247 1699 ab
1307 1630 1412 1702 his
1474 1634 1894 1728 praecipiatur
1917 1688 1938 1723 ,
1994 1653 2396 1733 exspectant.

266 1738 484 1808 Nemo
523 1751 626 1806 est
651 1751 790 1806 tam
818 1735 1006 1806 fortis
1027 1790 1047 1825 ,
1075 1738 1236 1831 quin
1277 1740 1372 1806 rei
1413 1740 1707 1810 novitate
1726 1740 1745 1765 ⁸
1773 1742 2215 1836 perturbetur.
2240 1748 2398 1813 Bar·

267 1843 412 1913 bari
437 1897 458 1932 ,
490 1845 702 1939 signa·
714 1841 949 1938 procul
996 1844 1362 1939 conspicati
1385 1897 1405 1932 ,
1445 1849 1938 1941 oppugnatione
1962 1846 1985 1872 ²
2025 1848 2348 1919 desistunt
2379 1874 2397 1918 ε

268 1950 512 2020 redisse
551 1951 770 2045 primo
813 1947 1101 2044 legiones
1144 1949 1465 2038 credunt,
1506 1976 1672 2047 quas
1714 1952 1971 2049 longius
2029 1954 2397 2027 discessisse

272 2081 352 2125 ex
395 2058 666 2153 captivis
708 2071 1209 2151 cognoverant:
1252 2072 1521 2151 postea,
1557 2058 1867 2154 despecta
1906 2063 2274 2156 paucitate,
2318 2086 2400 2133 ex

271 2162 579 2233 omnibus
611 2163 909 2257 partibus
924 2165 1263 2283 impetu-m
1307 2162 1577 2233 faciunt.
2038 2208 2043 2215 -
2210 2204 2215 2208 ·

379 2272 522 2339 XL.
569 2268 887 2340 Calones¹
919 2270 987 2338 in
1014 2270 1391 2365 proximum
1419 2269 1750 2340 tumulum
1780 2288 2199 2394 procurrunt.
2224 2277 2400 2347 Hinc

268 2373 569 2445 celeriter
610 2376 891 2469 dejecti,
932 2399 1003 2446 se
1055 2376 1126 2443 in
1167 2377 1354 2469 signa
1407 2375 1950 2473 manipulosque²
1993 2380 2395 2512 conjiciunt:

271 2507 349 2551 eo
379 2483 590 2579 mgis
609 2482 871 2552 timidos
895 2495 1268 2578 perterrent
1301 2480 1557 2553 milites.
1595 2483 1762 2572 Alii,
1795 2509 2009 2556 cuneo
2043 2472 2260 2556 facto³
2273 2502 2399 2577 ,ut

269 2588 567 2660 celeriter
621 2604 1092 2728 perrumpant,
1134 2603 1444 2679 censent,
1487 2594 1800 2685 quoniam
1840 2608 1978 2662 tam
2028 2596 2400 2689 propinqua

271 2698 401 2765 sint
436 2712 696 2784 casti-213
724 2711 827 2784 et,
861 2683 958 2765 si⁴
1000 2721 1154 2792 pars
1199 2694 1418 2790 aliqua
1460 2699 1914 2768 circumventa
1947 2700 2289 2789 ceciderit,
2328 2716 2397 2770 at

272 2789 596 2898 reliquos⁵
634 2804 882 2873 servari
932 2828 1126 2900 posse
1185 2802 1571 2873 confidunt:
1616 2803 1761 2892 alii,
1802 2820 1880 2875 ut
1919 2807 1988 2874 in
2021 2808 2188 2902 jugo
2238 2832 2395 2876 con-

272 2910 504 2979 sistant
525 2925 784 3005 ,atque
821 2910 1131 2980 eumdem
1170 2933 1400 2978 omnes
1461 2909 1678 2978 ferant
1729 2935 1975 2979 casum.
2020 2915 2168 2982 Hoc
2218 2929 2398 2982 vete-

273 3040 376 3085 res
409 3040 546 3086 non
583 3017 872 3112 probant
918 3015 1154 3086 milites
1171 3069 1191 3104 ‚
1231 3040 1399 3110 quos
1440 3015 1565 3084 sub
1610 3014 1848 3084 vexillo
1888 3040 2022 3084 una
2065 3017 2397 3112 profectos

269 3120 636 3193 docuimus.
679 3126 914 3218 Itaque
957 3124 1128 3191 inter
1179 3145 1248 3191 se
1289 3122 1655 3210 cohortati,
1696 3120 1864 3191 duce
1907 3124 1984 3191 C.
2028 3122 2358 3197 Trebonio
2378 3176 2398 3214 ,

275 3319 336 3361 ut
362 3308 512 3361 aiunt
529 3306 742 3361 medici.
771 3308 900 3361 Mox
924 3308 1070 3361 enim
1097 3304 1294 3360 dicitur

274 3400 498 3441 nemim.
531 3388 613 3440 Ex
634 3388 819 3442 Oba-l.

359 3468 487 3521 Cu.
519 3468 773 3522 XXXIX.
820 3484 866 3521 1.
901 3468 1038 3538 Qui·
1061 3471 1132 3520 rei
1159 3470 1293 3521 novi·

277 3558 392 3600 nte.
407 3550 576 3601 Antea
593 3547 884 3620 legebatur,
899 3552 980 3620 qui
996 3566 1091 3600 non
1113 3550 1185 3600 ni
1206 3566 1293 3597 m·

277 3631 438 3681 vitate.
453 3625 687 3681 Gabriel.
706 3628 1168 3701 Faernusprimus:
1179 3628 1294 3699 quin

277 3725 476 3760 mnae
460 3708 1146 3779 immetcerteelegantius.
1165 3706 1297 3761 Nos·

272 3785 348 3840 tri
364 3785 522 3841 codd.
551 3788 692 3842 hanc
718 3787 999 3842 lectionem
1026 3787 1292 3841 exhibent.

361 3867 804 3939 msppugnatione.
818 3870 903 3921 Al.
913 3867 1296 3940 aboppugnaeb-

278 3966 351 3999 κε.
395 3946 627 4002 Omissio
675 3948 1063 4020 propositionis
1106 3948 1296 4000 usitata

280 4027 505 4094 Caesari,
529 4029 748 4081 utins.l.
771 4046 881 4095 vn,
906 4046 1015 4081 ιιι·
1000 4067 1014 4080 .
1039 4027 1297 4097 Vercinge-

280 4112 434 4170 torix,
453 4108 610 4162 ubiz...
623 4113 971 4182 oppugnatione
985 4108 1184 4160 desistis

361 4187 492 4244 Cn.
523 4188 639 4242 xl..
678 4207 725 4242 1.
763 4188 983 4242 Catonem
1014 4185 1156 4242 Vide
1178 4207 1290 4260 sup.

276 4265 314 4324 l-
348 4285 422 4332 ιι,
451 4287 497 4323 c.
536 4274 629 4332 ²4·
657 4269 890 4322 Militum
920 4268 1074 4322 servi.

1463 3325 1513 3359 τι.
1541 3305 1920 3378 Μαιζωιὶαςω.
1953 3303 2082 3358 Vid.
2112 3306 2185 3359 ib.
2219 3324 2266 3361 c.
2304 3309 2394 3361 25.

1391 3437 1410 3452 .,
1462 3386 1515 3439 3.
1533 3386 1861 3455 Cmmfoem.
1887 3386 2101 3439 Cuneus
2123 3384 2396 3441 dicebatur

1380 3465 1515 3520 ecies
1544 3465 1773 3538 figurem
1796 3465 1996 3520 habens
2025 3466 2210 3533 cunei,
2237 3484 2394 3537 quam

1381 3547 1567 3618 Veget.
1599 3546 1637 3600 1.
1670 3563 1772 3611 ιιι,
1802 3564 1848 3599 e.
1883 3563 1981 3616 19,
2005 3543 2135 3601 dicit
2157 3564 2187 3597 a
2217 3545 2397 3599 militi·

1379 3625 1482 3679 bus
1522 3626 1839 3698 appellatam
1880 3636 2041 3699 eaput
2091 3626 2392 3698 porcinum.

1379 3704 1819 3760 Adversudorum
1845 3704 2061 3760 ordines
2086 3723 2396 3777 perrumpe·

1379 3788 1500 3852 hot3
1522 3802 1648 3838 nam
1676 3785 1734 3838 in
1764 3803 1935 3838 unum
1957 3786 2137 3838 loct·
2159 3804 2189 3837 a
2219 3784 2391 3857 pluri·

1380 3867 1482 3919 hus
1504 3865 1607 3918 tela
1635 3865 2066 3936 conjiciebant-ur.

1465 3952 1518 4009 4.
1529 3946 1620 4006 Ee,
1635 3949 1693 3997 εἰ.
1706 3944 2099 3998 Malenonnulli
2109 3961 2221 3997 uno
2230 3943 2395 3998 verbo

1380 4026 1564 4097 legunt
1591 4028 1694 4077 eui.
1726 4024 1807 4076 Et
1829 4024 2089 4097 parti-td·
2110 4025 2263 4097 jungi
2299 4022 2395 4077 de·

1381 4106 1473 4158 bet
1495 4105 1551 4158 in
1571 4103 1962 4157 construetione
1981 4122 2103 4157 cum
2120 4101 2389 4173 confidunt,

1382 4199 1434 4239 et
1454 4185 1757 4258 conjonctio
1783 4187 1829 4237 si
1849 4202 1973 4238 cum
1994 4186 2228 4237 ceciderit.

1468 4266 1515 4320 5.
1548 4266 1630 4320 At
1646 4265 1862 4338 aliquos.
1878 4265 1923 4319 Ῑ.
1940 4284 1986 4318 e.
2006 4302 2023 4334 ,
2041 4278 2168 4318 tunc
2193 4264 2391 4318 saltem.
