3111 5147
504 540 642 609 DE
695 541 1040 610 BELLO
1096 540 1589 611 GALLICO.
1644 545 1835 613 LIB.
1891 547 2116 618 v111.
2228 555 2383 649 449

234 696 442 769 opera
483 672 775 767 undique
824 674 1108 768 imperat
1171 673 1632 744 administrari.
1673 678 1879 747 Venit
1930 681 2164 751 eodem
2227 710 2383 755 cum

230 782 376 850 suis
409 781 616 875 copiis
650 794 919 875 postero
945 779 1051 850 die
1079 783 1157 851 C.
1188 780 1430 851 Fabius
1447 835 1470 869 ,
1499 797 1885 879 partemque
1919 788 2147 882 oppidi
2183 795 2385 861 sumit

231 887 325 957 ad
366 886 825 956 obsidendum.

345 995 743 1063 XXXVIII.
799 996 1024 1063 Caesar
1087 996 1350 1064 interim
1410 997 1507 1064 Μ.
1566 999 1929 1067 Antonium
1986 1018 2381 1096 questorem

232 1125 395 1171 cum
438 1100 824 1170 cohortibus
859 1102 992 1169 XV
1021 1101 1092 1168 in
1127 1098 1494 1171 Bellovacis
1535 1102 1832 1198 reliquit,
1869 1130 1952 1175 ne
1982 1132 2115 1203 qua
2154 1135 2383 1183 rursus

234 1232 572 1279 novorum
614 1205 1041 1277 consiliorum
1088 1207 1567 1303 capiendorum
1609 1208 1831 1305 Belgis
1868 1212 2146 1284 facultas
2191 1215 2379 1286 dare·

239 1328 358 1384 tur
373 1313 412 1382 ¹.
434 1316 586 1409 Ipse
627 1311 910 1408 reliquas
953 1314 1250 1384 civitates
1291 1314 1462 1404 adit,
1503 1315 1764 1386 obsides
1802 1317 2023 1412 plures
2066 1323 2347 1417 imperat
2364 1378 2383 1413 ,

236 1422 546 1490 timentes
604 1422 904 1489 omnium
961 1422 1220 1490 animos
1274 1419 1726 1491 consolatione
1777 1439 1981 1494 sanat.
2032 1427 2265 1516 Quum
2315 1433 2383 1499 in

238 1528 573 1598 Carnutes
614 1529 901 1597 venisset
925 1580 945 1614 ,
982 1551 1269 1621 quorum
1312 1518 1677 1621 [consilio]
1724 1530 1792 1598 in
1834 1532 2099 1601 civitate
2126 1532 2146 1558 ²
2189 1559 2379 1631 supe-

239 1635 418 1703 riore
442 1636 920 1703 commentario
943 1636 1169 1704 Caesar
1189 1636 1493 1730 exposuit
1515 1636 1771 1704 initium
1792 1636 1945 1705 belli
1967 1663 2107 1708 esse
2131 1655 2381 1731 ortum,

239 1740 426 1836 quod
465 1741 797 1836 praecipue
823 1766 938 1809 eos
965 1754 1240 1836 propter
1276 1743 1749 1812 conscientiam
1785 1744 1942 1813 facti
1982 1746 2213 1815 timere
2244 1752 2381 1818 ani·

241 1847 703 1917 madvertebat
721 1901 741 1934 ‚
774 1872 909 1943 quo
933 1846 1210 1917 celerius
1241 1849 1576 1918 civitatem
1609 1862 1792 1918 metu
1829 1848 2135 1922 liberaret
2154 1906 2174 1938 ‚
2203 1858 2381 1949 prin-

242 1956 464 2051 cipem
503 1952 766 2024 sceleris
808 1956 1010 2049 ipsius
1053 1969 1123 2024 et
1161 1956 1639 2025 concitatorem
1683 1954 1869 2045 belli,
1912 1959 2321 2031 Gutruatum
2338 1948 2386 2051 ³,

241 2176 364 2232 pra
380 2174 434 2210 se
461 2156 638 2211 ferunt
649 2152 807 2209 codd.
828 2152 1026 2207 Audin.
1047 2154 1225 2208 Petu.
1245 2173 1274 2208 a

1362 2167 1517 2226 capto
1546 2167 1787 2228 tempore
1812 2170 1866 2211 et
1888 2162 2160 2214 occasione
2188 2165 2383 2231 facere,

243 2254 336 2310 pr.
359 2255 538 2303 manu,
549 2236 721 2289 Oxon.
740 2235 921 2307 Cujac.
935 2254 1076 2288 asec.
1095 2253 1275 2301 manu,

1361 2236 1657 2306 suscipere;
1683 2255 1786 2307 pro
1812 2256 1922 2308 quo
1946 2237 2274 2310 frequentius
2299 2242 2382 2295 di·

243 2317 412 2371 habet
441 2336 612 2387 augere
628 2354 645 2379 ,
669 2313 816 2388 quod
843 2312 1057 2367 defendi
1080 2327 1271 2386 potest.

247 2398 390 2450 Nam
438 2394 678 2468 augendo
729 2393 972 2467 presidia
1018 2392 1279 2448 divisisset

245 2476 340 2530 illa
369 2488 423 2530 et
449 2476 662 2530 infirma
677 2472 1009 2528 reddidisset.

335 2557 464 2611 Cu.
511 2556 826 2610 XXXVIII.
867 2575 915 2609 1.
959 2554 1276 2608 Consiliorum

250 2638 588 2708 capiendorum
615 2637 784 2705 Belgis
813 2637 1032 2703 facultas
1062 2636 1274 2689 dantur.

249 2717 342 2770 Sic
365 2715 582 2788 quidem
606 2715 754 2769 MSS.
783 2716 1023 2788 plerique
1062 2727 1115 2768 et
1153 2713 1276 2768 edd.

249 2798 457 2870 primae.
487 2796 593 2850 Sed
626 2815 723 2850 cur
753 2814 864 2849 non
894 2794 1088 2866 repetit
1111 2794 1278 2847 Bello·

255 2881 383 2932 meis
397 2885 428 2928 Ρ
443 2875 590 2948 quod
615 2875 866 2930 videntur
882 2875 1099 2929 sensisse
1116 2875 1276 2927 libra·

254 2957 357 3022 rii,
385 2957 477 3028 qui
503 2976 608 3029 pro
632 2957 901 3009 Bellovacis
914 2951 1109 3008 dedere
1122 2972 1280 3026 supra

253 3037 457 3106 Belgis,
504 3038 560 3089 in
593 3036 787 3109 quibus
814 3054 925 3088 non
957 3034 1130 3088 solum
1160 3034 1279 3086 Bel·

253 3117 430 3170 lovaci
452 3152 469 3182 ‚
504 3117 600 3189 qui
639 3116 906 3188 praecipue
945 3126 1282 3185 susceperant

255 3196 493 3260 bellum,
517 3194 609 3248 sed
638 3208 690 3248 et
720 3196 831 3248 aliae
870 3194 1137 3260 civitates,
1164 3212 1280 3265 quae

257 3295 318 3330 se
330 3295 454 3329 cum
466 3275 528 3328 iis
539 3272 970 3349 junxeraanid.
986 3271 1286 3348 proeceden·

258 3357 355 3420 tia,
380 3368 434 3409 et
457 3355 669 3409 Cluver.
696 3355 731 3408 l.
759 3373 834 3420 11,
860 3354 1052 3428 Germ5
1069 3372 1182 3425 cap.
1215 3371 1280 3406 ιι.

257 3437 353 3489 ille
381 3436 617 3501 enim,c.
649 3435 740 3500 54,
763 3453 864 3506 pro
891 3434 1059 3504 Belgis
1089 3433 1283 3487 substi-

260 3515 368 3570 tuit
393 3516 586 3569 frustra
607 3516 911 3576 Bellovacos,
946 3514 1040 3584 qui
1064 3513 1187 3566 satis
1205 3513 1284 3565 in·

263 3596 573 3667 telliguutur
585 3593 725 3648 inde.
743 3595 920 3661 Quare
935 3592 1068 3646 nihil
1088 3606 1283 3646 temere

262 3687 447 3733 muto:
467 3673 560 3728 sed
590 3673 850 3738 eruditior
869 3671 1080 3726 videtur
1105 3673 1282 3738 lectio,

263 3774 426 3828 quam
441 3772 558 3828 quo
569 3754 833 3826 proficisci
841 3752 1110 3825 potuerita
1123 3752 1283 3814 libra?

263 3835 361 3889 riis
369 3854 562 3907 ‚quam
583 3846 796 3887 servant
809 3834 921 3887 Pet.
949 3830 1087 3886 And.
1108 3832 1282 3886 Oxou.

266 3910 351 3978 (et
382 3913 502 3967 cod.
533 3927 712 3967 noster
743 3915 807 3966 R.
846 3909 1031 3984 5764)
1063 3912 1284 3964 consilio*

268 4014 373 4047 rum
392 3995 463 4046 ad
477 3994 752 4065 capiendum
766 3993 935 4046 bellum
947 3991 1163 4059 facultas
1194 3991 1284 4042 da-

1363 2327 1577 2373 xerunt,
1597 2334 1777 2367 sumere
1800 2317 1986 2371 bellum.
2011 2318 2158 2373 Onu.
2191 2322 2385 2376 Noster

1360 2393 1480 2448 cod.
1509 2413 1618 2466 reg.
1653 2394 1823 2466 5763,
1851 2415 1975 2450 cum
2003 2400 2230 2470 Vulgata
2255 2421 2383 2455 con-

1361 2487 1537 2528 sentit.
2374 2540 2375 2543 ,

1448 2576 1498 2610 a.
1513 2555 1731 2626 Quorum
1740 2550 1975 2624 (concilio)
1992 2560 2041 2610 in
2057 2562 2262 2615 civitate.
2280 2563 2384 2616 Da·

1363 2636 1498 2688 visio
1519 2648 1575 2689 et
1594 2636 1810 2690 Clarkio
1830 2637 2033 2691 inutilis
2054 2638 2266 2698 videtur
2283 2662 2385 2697 vox

1365 2716 1595 2782 comum
1620 2735 1776 2782 nam,
1817 2730 1877 2770 ut
1915 2718 2017 2788 ipsi
2061 2721 2209 2773 aiunt
2227 2756 2244 2784 ,
2272 2742 2381 2776 non

1362 2792 1923 2850 rectedicascamueum
1931 2799 2385 2866 comilinfinitium

1365 2875 1489 2926 belli
1505 2874 1559 2926 in
1571 2875 2051 2929 civitatecamumm
2064 2897 2174 2932 esse
2186 2893 2398 2948 ortumg-

1365 2952 1458 3007 sed
1481 2954 1696 3006 initium
1721 2954 1847 3008 belli
1869 2955 2045 3025 gallici
2073 2977 2183 3012 esse
2207 2974 2385 3014 ortum

1366 3034 1423 3085 in
1468 3034 1678 3086 civitate
1704 3033 2016 3090 Carnutum.
2059 3036 2388 3094 Observante

1367 3111 1740 3185 Oudendorp„
1753 3132 1862 3166 non
1872 3113 2043 3167 solum
2054 3116 2264 3170 initium
2278 3120 2386 3173 hel-

1363 3193 1404 3244 li
1434 3206 1614 3246 ortum
1640 3206 1717 3246 est
1736 3193 1793 3245 in
1820 3193 2029 3247 civitate
2057 3196 2383 3266 Carnutum3

1365 3270 1459 3325 sed
1477 3286 1530 3326 et
1548 3291 1737 3326 eorum
1755 3274 1952 3328 consitio
1964 3294 1985 3336 ,·
2004 3294 2122 3347 qum
2141 3274 2271 3342 dun,
2288 3279 2392 3332 cir·

1366 3355 1694 3406 cumstantiae
1725 3371 1834 3404 non
1861 3351 2057 3407 eodem
2088 3370 2212 3410 suut
2236 3395 2254 3423 ,
2272 3353 2387 3420 ‘nec

1366 3433 1518 3503 parvi
1526 3431 1806 3504 ponderis:
1821 3448 2145 3506 quapropter
2159 3438 2389 3491 retinen·

1368 3509 1436 3564 da
1466 3524 1544 3565 est
1582 3512 1740 3565 lectio
1786 3512 2022 3584 vulgata,
2057 3533 2175 3586 quo
2211 3529 2387 3570 tamen

1369 3592 1555 3644 melius
1569 3591 1822 3656 flueret,si
1834 3608 2179 3664 reponeretur
2193 3616 2389 3668 quorum

1369 3676 1418 3724 ἱη
1458 3674 1649 3724 civitate
1691 3683 1741 3722 et
1774 3674 2005 3736 consilio,·
2033 3675 2117 3727 vel
2166 3676 2343 3747 potius
2372 3695 2386 3729 Ξ
2442 3707 2447 3714 -

1368 3751 1501 3824 quod
1501 3754 1748 3822 praecipue
1760 3771 1855 3813 eos,
1869 3772 2065 3823 quorum
2073 3755 2269 3808 consilio
2279 3768 2329 3807 et
2340 3760 2392 3807 ia

1368 3835 1579 3885 civitate.
1599 3831 1793 3883 Noster
1803 3829 1921 3884 cod.
1939 3834 2003 3886 R.
2026 3835 2055 3886 5
2063 3839 2135 3904 76
2145 3836 2196 3900 3,
2211 3853 2394 3890 vocem

1370 3911 1568 3963 consilio
1589 3928 1699 3963 non
1725 3912 1977 3981 agnoscit.
2372 3973 2379 3982 ³

1457 3992 1507 4045 3.
1551 3988 1862 4044 Gutmatum.
1909 3990 2175 4064 Corrupte
2209 3992 2393 4048 admo·

268 4086 428 4136 retum
444 4093 553 4147 quo
577 4067 739 4127 modo
778 4074 1132 4126 exhibuerunt
1155 4072 1291 4124 Ven.
1383 4068 1513 4122 dum
1532 4070 1725 4140 legitur
1754 4088 1950 4124 nomen
1980 4070 2120 4124 istud
2150 4073 2207 4125 in
2237 4072 2394 4130 codd.

278 4155 463 4224 1517,
491 4153 646 4207 Basil.
687 4151 806 4206 Ald.
842 4152 1049 4226 Gryph.
1088 4151 1293 4204 Manut.
1383 4152 1453 4202 At
1482 4167 1665 4202 omnes
1704 4149 1813 4203 fere
1856 4152 2201 4206 consentiunt=
2231 4155 2287 4207 in
2316 4155 2400 4210 his

271 4232 445 4286 Plant.
478 4233 688 4305 aliique.⁸
711 4233 891 4303 Caper-e
919 4231 1105 4312 hylum,
1131 4242 1209 4283 est
1242 4227 1297 4283 id
1390 4229 1721 4302 διανιιαειιηι,η
1762 4248 1854 4284 seu
1908 4229 2227 4286 Guematrusn
2245 4274 2258 4296 ,
2313 4254 2403 4290 seu

383 4344 441 4411 I.
2001 4362 2096 4435 29
