3111 5147
484 491 627 562 DE
680 491 1037 560 BELLO
1081 490 1587 561 GALLICO.
1644 491 1837 560 LIB.
1893 492 2109 561 VIII.
2230 492 2382 581 415

247 625 546 695 civitates
564 679 584 714 ,
626 624 796 693 duce
852 626 1109 693 Correo
1125 607 1151 647 ⁶
1193 621 1544 693 Bellovaco
1585 637 1653 692 et
1689 625 1995 694 Commio
2037 625 2348 695 Atrebate
2369 681 2389 715 ‚

248 733 574 801 exercitus
591 730 614 771 ⁷
656 754 1044 826 comparare
1064 715 1122 818 ⁸,
1153 744 1350 823 atque
1385 730 1455 797 in
1494 754 1705 798 unum
1747 728 1968 799 locum
2004 756 2242 827 cogere
2258 784 2278 819 ,
2316 747 2391 801 ut

250 841 432 908 omni
479 836 899 908 multitudine
946 838 1016 916 in
1065 835 1230 906 fines
1270 836 1697 908 Suessionum
1718 889 1738 923 ‚
1779 839 1891 931 qui
1934 839 2157 908 Remis
2200 854 2392 908 erant

251 945 550 1014 attributi
564 999 584 1032 ,
609 943 904 1023 facerent
925 943 1458 1040 impressionem3
1482 944 1813 1038 pertinere
1838 958 2058 1020 autem
2087 968 2223 1012 non
2256 959 2393 1013 tan·
2426 977 2432 984 ·

253 1066 398 1120 tum
429 1051 510 1121 ad
550 1050 933 1145 dignitatem
949 1104 968 1138 ,
1004 1049 1120 1120 sed
1154 1050 1352 1121 etiam
1389 1049 1474 1120 ad
1510 1048 1788 1120 salutem
1819 1074 2003 1124 suam
2032 1049 2394 1143 judicaret,

253 1156 505 1230 nullam
566 1155 1008 1236 calamitatem
1052 1158 1270 1228 socios
1308 1158 1555 1252 optime
1610 1156 1693 1226 de
1747 1156 2085 1251 republica
2126 1159 2394 1227 meritos

260 1267 558 1359 accipere
598 1290 611 1333 :
648 1263 973 1360 legionem
1017 1287 1098 1334 ex
1139 1263 1429 1332 hibernis
1465 1278 1701 1334 evocat
1743 1289 1969 1334 rursus
2010 1288 2082 1333 xl
2099 1317 2119 1352 ,
2147 1262 2398 1335 litteras

259 1385 482 1441 autem
509 1369 595 1440 ad
625 1372 700 1439 C.
732 1371 1009 1439 Fabium
1034 1370 1260 1458 mittit,
1284 1383 1361 1439 ut
1379 1370 1449 1437 in
1471 1368 1636 1439 fines
1661 1368 2397 1466 Soessionumlegiones

260 1477 461 1564 duaS,
488 1502 651 1572 quas
692 1477 1017 1565 babebat,
1053 1475 1443 1564 adduceret,
1477 1473 1889 1570 alteramque
1915 1501 1998 1547 ex
2021 1476 2280 1547 duabus
2311 1478 2397 1546 ab

259 1586 334 1653 T.
371 1582 716 1656 Labieno⁹
754 1584 1039 1658 arcessit.
1069 1585 1213 1669 Ita,
1250 1597 1571 1677 quantum
1613 1582 2045 1662 hibernorum
2078 1597 2402 1713 opportu

263 1691 432 1760 nitas
465 1689 745 1785 bellique
788 1692 956 1762 ratio
985 1688 1406 1786 postulabat,
1434 1705 1759 1785 perpetuo
1808 1715 1929 1760 suo
1958 1687 2249 1767 labore¹⁰
2269 1742 2290 1777 ,
2330 1691 2398 1758 in

265 1798 480 1867 vicem
523 1795 891 1892 legionibus
926 1796 1415 1893 expeditionum
1459 1821 1631 1875 onus
1667 1796 2070 1892 injungebat.

268 2017 460 2070 masque
486 2001 545 2049 iis
572 1975 801 2048 eivitci'tes.
823 1995 972 2049 Alter
985 2013 1114 2049 vero
1137 1994 1286 2066 5764
1378 1995 1482 2049 hoc
1503 1996 1661 2067 longe
1681 1994 1948 2052 dissimilis
1975 1994 2249 2050 hodiernis
2266 2014 2376 2050 non

268 2091 505 2131 nostram
532 2077 814 2130 lectionem
842 2076 1071 2128 exhibet.
1381 2075 1540 2129 nullis
1552 2074 1777 2129 ducibus
1789 2113 1807 2142 ,
1822 2076 1916 2148 qui
1933 2114 1950 2142 ,
1967 2088 2028 2129 ut
2045 2076 2144 2148 ipsi
2166 2074 2403 2130 sedentes

356 2162 410 2211 6.
429 2154 799 2211 Commendat.
814 2152 1038 2214 dimidia
1051 2155 1159 2210 fare
1171 2171 1293 2226 pars
1382 2167 1436 2208 et
1463 2154 1635 2209 securi
1669 2155 1834 2207 vitam
1869 2167 2024 2227 agant
2066 2155 2369 2209 liberiorem
2385 2195 2404 2222 ,

272 2250 328 2291 et
358 2237 538 2290 Celsus
573 2236 773 2290 Cor-beo.
803 2235 962 2289 Parvi
991 2236 1171 2289 refert.
1383 2232 2404 2306 custodiaavigiliasfitinerassectarun

358 2336 410 2387 7.
447 2317 703 2370 Eurotan
735 2335 1026 2386 comparare.
1050 2314 1133 2367 Al.
1158 2332 1295 2365 exer-

275 2401 441 2449 citans.

374 2479 430 2531 8.
468 2474 790 2547 Comparare,
831 2485 884 2525 ut
912 2476 1142 2525 exercitus
1171 2474 1302 2524 omni

275 2555 604 2618 multitudine,
638 2559 688 2607 ιἰι
705 2552 834 2624 fines
865 2552 1190 2613 Suesstbnum,
1208 2565 1297 2605 etc.

275 2635 393 2689 Hoc
409 2636 530 2688 loco
545 2673 561 2700 ,
578 2632 939 2687 emendandus
960 2632 1066 2689 sul.
1091 2632 1300 2699 Celsus,

277 2716 373 2787 qni
399 2714 559 2769 habel
580 2733 593 2768 :
614 2734 896 2786 'comparare
926 2717 1180 2764 exercitum
1199 2751 1215 2775 ,
1252 2724 1308 2764 ut

275 2796 572 2849 Suessimem
620 2814 756 2846 suam
801 2793 959 2845 urben·
1013 2792 1302 2845 invaderent.

277 2876 490 2928 Nomen
500 2874 801 2927 Suessionum
813 2892 914 2945 pro
924 2872 1070 2926 urbis
1089 2872 1306 2925 nomine

276 2954 487 3008 habuit.
517 2954 586 3006 Et
601 2954 697 3006 has
727 2971 880 3006 voces
908 2956 990 3025 qui
1005 2963 1148 3003 erant
1161 2954 1307 3003 attri-

280 3035 508 3087 butinon
525 3030 801 3086 intellexit.
820 3033 1004 3103 -Qui
1015 3043 1154 3082 erant
1164 3035 1308 3082 ater-i·

281 3115 411 3176 buti,
446 3112 503 3166 id
529 3125 634 3178 est,
655 3113 888 3166 clientes.

368 3212 422 3262 9.
451 3194 563 3246 Tito
581 3192 810 3245 Labieno.
837 3190 1021 3243 Nostri
1045 3185 1201 3242 codd.
1220 3188 1314 3243 ha·

283 3274 416 3327 bent
444 3274 622 3335 Lucio,
662 3284 715 3325 et
746 3271 834 3323 alii
861 3270 1128 3342 permulti.

371 3372 399 3406 ἰ
412 3371 465 3406 o.
479 3353 717 3424 Perpetuo
725 3371 811 3403 suo
821 3350 997 3403 labore.
1014 3348 1115 3401 Hic
1133 3349 1316 3419 Turpia

288 3433 351 3485 de
377 3432 551 3495 Crisse',
571 3445 607 3484 t.
627 3450 673 3484 11
689 3469 705 3496 ,
719 3450 773 3502 p.
812 3449 834 3483 1
848 3449 940 3501 7²·
970 3427 1316 3482 Prudentiam

290 3512 509 3567 casaris
517 3525 901 3584 paternumque
909 3513 1020 3580 ejus
1038 3527 1160 3581 erga
1177 3508 1318 3560 mili·

291 3605 369 3645 tes
400 3593 637 3645 animum
664 3588 870 3656 laudat,
896 3590 989 3661 qui
1018 3600 1319 3641 constanter

289 3671 352 3727 in
374 3672 481 3724 suis
510 3669 938 3747 expeditionibus
953 3681 1045 3734 ,ut
1055 3668 1111 3721 h.
1128 3668 1165 3723 l.
1190 3686 1321 3739 prae-

291 3750 475 3805 sertim
491 3789 507 3813 ,
545 3752 684 3804 vires
724 3768 910 3804 eorum
940 3747 1320 3820 sapientissime

295 3828 690 3897 moderabatur,
707 3830 781 3882 ita
795 3841 854 3882 ut
864 3847 949 3883 eas
961 3827 1236 3881 adhiberet
1255 3823 1323 3879 ad

294 3923 504 3983 tempus
518 3911 688 3963 solum
700 3948 717 3976 ,
732 3928 898 3982 quum
915 3908 1192 3962 necessitas
1206 3926 1323 3980 pos-

296 4003 463 4057 ceret3
474 3991 668 4062 partim
681 4028 697 4057 ,
712 3991 756 4044 si
771 3988 839 4043 de
852 3989 1083 4060 simplici
1093 3988 1322 4040 tumultu

299 4068 533 4124 sedando
550 4082 807 4143 ageretur,
817 4071 873 4122 in
888 4080 1078 4134 totum,
1094 4069 1138 4121 si
1151 4066 1220 4120 de
1233 4086 1322 4121 ex·

300 4147 575 4222 peditione
596 4150 812 4203 maximi
837 4148 1120 4213 momenti,
1146 4165 1326 4219 quem·

304 4227 593 4285 admodum
624 4231 681 4284 in
719 4228 997 4284 obsidione
1027 4227 1225 4281 Alesia.
1258 4226 1323 4303 In

1383 2314 1685 2367 cohortium
1711 2314 2018 2385 emissiones
2041 2314 2168 2368 hinc
2197 2327 2251 2368 et
2279 2314 2405 2368 inde

1386 2393 1744 2465 multiplicant
1764 2393 1877 2446 sine
1893 2394 2222 2461 necessitate,
2243 2393 2406 2448 modo

1364 2515 1370 2520 .
1389 2491 1447 2526 ac
1464 2474 1659 2525 fructu:
1672 2490 1775 2543 qua
1787 2473 1992 2526 ratione
2004 2473 2084 2539 fit,
2101 2487 2161 2527 ut
2174 2475 2408 2547 plerum·

1388 2571 1491 2626 que
1507 2591 1524 2619 ,
1541 2564 1821 2625 antequam
1851 2552 1988 2611 serio
2018 2572 2103 2609 res
2130 2554 2200 2608 sit
2224 2554 2409 2627 praelio

1390 2630 1789 2700 committenda,
1807 2632 1893 2687 isti
1910 2634 2104 2689 milites
2124 2635 2305 2688 labore
2324 2634 2412 2689 de·

1390 2713 1509 2766 fessi
1529 2726 1847 2769 enerventur
1861 2732 1920 2767 ac
1934 2714 2177 2768 facillime
2193 2716 2411 2769 vincan-

1393 2805 1496 2846 tur.
1534 2793 1719 2864 Neque
1754 2806 1928 2846 tamen
1959 2795 2278 2849 Caesarianos
2311 2796 2413 2847 mi-

1391 2874 1510 2925 lites
1541 2873 1738 2925 otiosos
1774 2872 1831 2925 in
1858 2872 1966 2926 suis
1996 2874 2179 2927 castris
2208 2887 2298 2928 aut
2328 2874 2413 2926 hi-

1392 2952 1573 3006 bernis
1610 2951 1916 3005 remansisse
1959 2950 2283 3006 credendum
2319 2967 2414 3007 est.

1396 3032 1543 3097 Quin
1584 3030 1693 3101 imo
1741 3031 2118 3085 exercebantur
2134 3070 2151 3098 ,
2176 3045 2229 3086 et
2273 3045 2416 3086 certe

1398 3113 1566 3163 multo
1607 3110 1770 3182 magis
1797 3128 1958 3181 quam
1996 3113 2167 3164 nostri
2205 3113 2413 3165 milites.

1399 3189 1502 3244 Sed
1527 3190 1772 3244 exercitia
1783 3203 1934 3244 erant
1942 3189 2215 3244 moderata
2228 3204 2280 3245 et
2295 3210 2420 3245 oon·

1401 3271 1550 3324 tinna
1575 3308 1591 3336 ,
1642 3289 1740 3324 nec
1783 3267 1945 3325 duces
1988 3272 2196 3324 mmani
2242 3272 2421 3343 copias

1401 3369 1519 3404 suas
1548 3369 1581 3403 a
1610 3349 1887 3423 torpedine
1916 3364 1969 3405 et
1997 3351 2217 3423 segnitie
2245 3351 2423 3404 hiber·

1402 3449 1596 3483 norum
1613 3468 1629 3496 ‚
1647 3430 1817 3484 multo
1834 3432 2010 3485 minus
2029 3451 2060 3484 a
2080 3431 2245 3484 nimia
2265 3432 2423 3484 lieen-

1405 3509 1477 3562 tia
1501 3510 1750 3576 urbium‚
1782 3512 1956 3564 statim
1986 3510 2053 3565 ad
2093 3512 2347 3564 maximos
2370 3523 2424 3562 et

1407 3608 1729 3643 arumnosos
1765 3591 1971 3647 labores
2002 3591 2421 3645 transvehebant.

1406 3668 1506 3722 Hie
1536 3670 1699 3740 igitur
1723 3689 1887 3741 quum
1915 3672 2130 3725 consilia
2149 3670 2425 3723 Gallorum

1407 3761 1579 3802 essent
1596 3749 1794 3803 incerta
1810 3762 1863 3803 et
1875 3750 2267 3817 incoharentia,
2280 3750 2425 3822 quis·

1411 3846 1516 3900 qne
1545 3830 1776 3901 populus
1790 3830 2091 3902 singulatim
2117 3848 2426 3902 oppugnan-

1410 3904 1510 3961 dus
1557 3920 1669 3961 erat
1682 3945 1700 3975 ,
1729 3927 1827 3962 nec
1867 3928 1993 3963 cum
2021 3923 2134 3964 toto
2180 3910 2426 3965 exercitu.

1410 3987 1544 4041 Satis
1558 3988 1607 4041 ei
1622 3989 1836 4043 fuerunt
1848 3988 1967 4044 dnm
1978 3990 2236 4063 legiones:
2254 4004 2306 4044 at
2320 4008 2430 4042 non

1410 4087 1619 4140 semper
1643 4067 1831 4122 iisdem
1845 4106 1863 4136 ,
1880 4066 1975 4124 sed
2002 4068 2165 4123 modo
2188 4071 2297 4137 his,
2316 4087 2431 4123 mo·

1411 4144 1483 4200 do
1514 4148 1619 4202 illis
1656 4168 1780 4202 usus
1810 4162 1904 4203 est.
1932 4149 2049 4215 Qua
2074 4168 2133 4204 re
2155 4151 2343 4217 fiebat,
2373 4162 2434 4203 ut

1411 4229 1729 4299 paratissimi
1754 4242 1807 4284 et
1824 4228 2202 4301 expeditissimi
2217 4231 2436 4295 milites,
