3111 5147
742 448 891 551 308
997 478 1112 557 c.
1167 473 1456 546 JULII
1512 471 1988 544 cAEsAais
2040 470 2593 541 COMMENT.

726 636 764 681 ‚¹
840 612 992 678 XX.
1050 606 1552 700 Vercingetorix
1565 657 1585 693 ,
1611 627 1814 698 quum
1850 601 2117 672 adsuos
2139 601 2439 691 redisset,
2476 600 2865 697 proditionis

732 714 1142 787 insimulatus
1159 713 1204 801 ²,
1225 710 1404 807 quod
1427 724 1642 781 castra
1660 710 1931 805 propius
1957 711 2293 779 Romanos
2315 710 2661 797 movisset,
2682 709 2867 803 quod

732 849 887 894 cum
928 821 1109 891 omni
1156 821 1447 913 equitatu
1487 816 1882 886 discessisset
1902 870 1922 904 ,
1951 815 2134 910 quod
2172 816 2309 885 sine
2339 817 2615 910 imperio
2647 830 2867 885 tantas

730 932 952 1024 copias
983 924 1350 1020 reliquisset
1370 977 1390 1012 ,
1410 922 1591 1018 quod
1617 924 1757 1017 ejus
1779 923 2065 993 discessu
2089 923 2373 991 Romani
2398 935 2583 990 tanta
2614 947 2863 1017 oppor-

728 1038 1006 1105 tunitate
1041 1047 1109 1101 et
1139 1030 1468 1103 celeritate
1510 1031 1882 1116 venissent3
1921 1052 2060 1098 non
2096 1028 2241 1097 haec
2280 1029 2501 1097 omnia
2552 1027 2827 1098 fortuito
2840 1081 2862 1117 ‚

728 1155 844 1210 aut
877 1140 1013 1209 sine
1057 1135 1327 1207 consilio
1366 1135 1662 1205 accidere
1693 1137 2021 1230 potuisse3
2057 1157 2336 1229 regnum
2368 1132 2555 1202 illum
2592 1131 2859 1203 Galliae'

728 1244 923 1316 malle
967 1245 1241 1314 Caesaris
1279 1266 1597 1312 concessu
1617 1295 1636 1329 ,
1666 1265 1863 1335 quam
1900 1242 2194 1336 ipsorum
2230 1239 2473 1308 habere
2500 1239 2857 1330 benefici03

727 1351 841 1421 tali
889 1350 1090 1421 modo
1145 1363 1490 1418 accusatus
1534 1347 1620 1416 ad
1670 1347 1813 1417 haec
1873 1345 2213 1441 respondit
2250 1370 2268 1413 :
2316 1374 2352 1410 α
2386 1344 2590 1435 Quod
2640 1360 2857 1415 castra

727 1459 1072 1544 movisset,
1112 1455 1362 1537 factum
1403 1454 1623 1549 inopia
1664 1452 1928 1547 pabuli,
1963 1453 2160 1521 etiam
2196 1452 2353 1546 ipsis
2394 1451 2853 1521 hortantibus·

728 1563 908 1659 quod
938 1565 1207 1658 propius
1238 1562 1577 1632 Romanos
1611 1561 2021 1647 accessisset,
2016 1581 2435 1689 persuasum
2466 1556 2591 1627 loci
2617 1581 2856 1652 oppor-

725 1671 1046 1756 tunitate,
1097 1669 1211 1762 qui
1256 1691 1323 1735 se
1368 1668 1583 1760 ipsum
1630 1650 2040 1734 munitione³
2083 1662 2516 1734 defenderet.
2560 1664 2849 1757 equitum

727 1798 888 1844 vero
926 1797 1197 1867 operam
1249 1795 1462 1865 neque
1509 1772 1577 1837 in
1617 1768 1766 1840 loco
1811 1769 2084 1864 palustri
2133 1768 2485 1838 desiderari
2524 1768 2853 1858 debuisse,

729 1895 797 1949 et
836 1877 966 1948 illic
1009 1879 1204 1946 fuisse
1244 1875 1506 1964 utilem,
1533 1900 1667 1969 quo
1708 1877 1837 1946 sint
1874 1874 2152 1971 profecti
2184 1901 2200 1943 ε
2238 1899 2563 1944 summam
2602 1878 2853 1970 imperii

729 1983 1131 2075 se‘consulto
1163 1979 1325 2050 nulli
1363 1980 1804 2051 discedentem
1828 1981 2199 2070 tradidisse,
2230 2005 2312 2050 ne
2342 1983 2395 2051 is
2421 1979 2852 2053 multitudinis

727 2091 945 2161 studio
975 2090 1060 2160 ad
1089 2087 1534 2159 dimicandum
1565 2087 2043 2183 impelleretur;
2076 2089 2181 2157 cui
2221 2089 2315 2155 rei
2351 2090 2851 2182 propteranimi

726 2197 1065 2268 mollitiem
1116 2194 1378 2265 studere
1431 2218 1662 2264 omnes
1717 2192 1999 2283 videret,
2035 2192 2214 2287 quod
2264 2192 2507 2262 diutius
2558 2193 2851 2264 laborem

726 2303 899 2372 ferre
932 2328 1067 2372 non
1098 2316 1381 2397 possent.
1416 2301 1703 2368 Romani
1732 2301 1785 2369 si
1817 2325 1974 2370 casu
2010 2300 2514 2386 intervenerint,
2535 2299 2851 2389 fortuna-3

725 2411 781 2478 si
825 2407 1094 2501 alicujus
1137 2407 1379 2475 indicio
1416 2408 1666 2493 vocati,
1706 2405 1858 2477 huic
1907 2404 2276 2474 habendam
2319 2407 2631 2499 gratiam,
2665 2405 2850 2499 quod

726 2528 794 2583 et
820 2515 1216 2608 paucitatem
1243 2535 1476 2580 eorum
1505 2535 1589 2580 ex
1622 2510 1768 2582 loco
1804 2512 2138 2606 superiore
2166 2535 2598 2607 cognoscere,
2618 2525 2690 2581 et
2715 2514 2848 2581 vir·

726 2632 935 2688 tutem
976 2605 1352 2716 despicere⁴
1389 2620 1760 2713 potuerint3
1804 2620 1917 2712 qui
1933 2671 1953 2706 ,
1989 2618 2299 2688 dimicare
2338 2643 2475 2686 non
2507 2620 2689 2708 ausi,
2710 2634 2847 2688 tur·

723 2727 897 2820 piter
937 2749 1006 2794 se
1045 2726 1114 2792 in
1153 2739 1366 2793 castra
1405 2727 1788 2819 receperint.
1841 2725 2202 2818 Imperium
2243 2749 2313 2794 se
2352 2749 2395 2793 a
2430 2726 2691 2796 Caesare
2730 2750 2845 2821 per

722 2831 1164 2926 proditionem
1201 2828 1454 2899 nullum
1487 2828 1888 2919 desiderare,
1914 2830 2094 2924 quod
2122 2829 2368 2900 habere
2392 2832 2671 2901 victoria
2699 2856 2843 2929 pos·

727 2952 858 3026 set,
901 2963 1047 3033 quae
1078 2937 1218 3030 jam
1262 2951 1434 3007 esset
1471 2936 1593 3007 sibi
1632 2951 1829 3030 atque
1870 2936 2175 3006 omnibus
2217 2934 2423 3007 Gallis
2460 2937 2797 3036 explorata
2828 2965 2841 3007 :

725 3139 1026 3205 sollicitant,
1048 3150 1108 3192 ut
1130 3139 1410 3193 lectionem
1440 3140 1743 3211 interpretis
1827 3151 1881 3193 et
1907 3140 2100 3211 injuste
2125 3137 2412 3194 admodum
2432 3158 2446 3193 :
2466 3158 2591 3193 nam
2617 3154 2673 3194 et
2694 3142 2751 3193 in
2782 3159 2844 3194 eo

722 3220 877 3291 greci
906 3216 1208 3283 intrudant,
1235 3236 1354 3288 quo
1379 3219 1450 3270 ita
1476 3219 1740 3274 sehabet:
1826 3216 1963 3273 duce
1992 3218 2139 3272 haud
2159 3221 2335 3272 minus
2364 3220 2577 3271 fortasse
2602 3219 2845 3289 petitio,

721 3299 778 3356 ἢν
808 3298 879 3369 μὴ
905 3302 989 3351 τοῦ
1015 3299 1186 3349 ἐαυτοῦ
1210 3297 1409 3350 ἐπαίνου
1438 3293 1739 3363 (lauduna)
1825 3311 1878 3352 et
1907 3311 2049 3352 certe
2078 3316 2263 3370 parem
2289 3299 2557 3360 virtutem,
2587 3314 2751 3367 qnam
2780 3299 2842 3351 in

719 3377 807 3434 τὴν
838 3379 996 3428 αὐτῶν
1010 3376 1131 3437 ζωὴν
1155 3376 1266 3445 »supi
1294 3376 1459 3428 πλιὶον
1436 3396 1511 3437 νος
1538 3379 1737 3470 ποιήσῃ.
1823 3376 1941 3448 ipso
1972 3377 2178 3431 Caere
2219 3376 2471 3449 repetitu
2496 3375 2591 3446 qui
2620 3376 2668 3428 si
2706 3375 2841 3431 alios

721 3456 827 3508 Alii
868 3468 1042 3508 tamen
1081 3459 1274 3518 virtute,
1315 3452 1373 3507 id
1405 3466 1511 3519 est,
1538 3473 1626 3507 me
1665 3457 1740 3509 vi·
1822 3454 2090 3510 habuisset
2120 3457 2343 3521 milites,
2379 3455 2504 3509 belli
2536 3455 2841 3524 fortunam,

719 3533 938 3592 deretur
976 3532 1212 3588 timidus.
1244 3531 1342 3586 Hae
1369 3550 1524 3586 voees
1551 3535 1734 3596 salute,
1822 3535 1904 3588 sin
1940 3537 2119 3589 minus
2161 3535 2265 3588 sibi
2309 3533 2589 3588 addixisset
2611 3573 2628 3601 ,
2657 3536 2840 3589 saltem

719 3618 911 3677 omme,
924 3631 1061 3686 nepe
1081 3610 1304 3667 meodd.
1316 3610 1737 3667 confunduntur.
1823 3630 2027 3685 nquam
2053 3612 2388 3670 reddidisset.
2406 3615 2490 3668 Ab
2512 3615 2730 3668 ineunte
2749 3634 2839 3668 ex-

788 3694 918 3747 cu».
944 3692 1066 3746 XX.
1105 3710 1151 3745 1.
1187 3693 1513 3746 Ire-simulatus.
1558 3693 1738 3747 Vossii
1820 3690 2095 3764 peditione
2123 3713 2248 3747 eum
2274 3692 2507 3748 vidimus
2534 3696 2659 3748 satis
2688 3712 2837 3765 aquo

719 3771 855 3828 cod.
885 3791 986 3826 sec.
1014 3772 1185 3826 Ciacc.
1207 3773 1360 3827 Vane.
1390 3773 1453 3826 R.
1473 3773 1654 3844 Steph.
1682 3785 1735 3827 et
1821 3769 2347 3847 Martepugnnntem,
2360 3792 2459 3827 nec
2477 3773 2647 3827 ullum
2664 3771 2837 3828 adhuc

718 3853 929 3926 Gryph.
962 3853 1279 3905 insimulatw.
1325 3852 1539 3907 Rectius
1579 3851 1732 3905 sorte.
1819 3851 1877 3904 in
1906 3856 2020 3925 ejus
2048 3851 2278 3907 consiliis
2305 3853 2392 3906 vel
2430 3854 2662 3906 motibus
2693 3871 2841 3907 ατο·

719 3931 902 3985 Nostri
919 3930 1074 3985 codd.
1099 3946 1152 3986 et
1170 3932 1262 3986 alii
1284 3931 1535 4005 permulti
1551 3932 1733 4002 vulga·
1819 3950 1934 3985 rem
1963 3928 2426 4005 deprehendimus.

717 4022 824 4064 tam
853 4011 1120 4065 exhibent.
1902 4012 1956 4066 3.
1974 4013 2257 4065 Munitione.
2291 4010 2533 4065 Naturali
2550 4012 2772 4065 scilieet.

800 4110 851 4143 a.
882 4092 1251 4160 &mamillam
1286 4090 1486 4145 Gallioe.
1519 4089 1589 4142 Et
1617 4089 1732 4143 haec
1901 4098 1952 4156 4.
1981 4090 2841 4162 Etvmuoemlespioem.1·10ciro·

716 4167 771 4219 'V
772 4169 1136 4240 ercingetorigi
1146 4170 1461 4240 exprobrata
1471 4168 1730 4226 malitiose
1816 4170 1939 4226 nice
1964 4167 2267 4242 accipienda
2294 4187 2396 4242 pro
2427 4171 2655 4242 ignavia.
