3111 5147
950 546 1080 613 ET
1133 544 1548 614 GALLIS
2160 548 2300 639 491

168 674 457 744 dentale
488 671 577 742 de
612 673 690 742 la
729 674 1011 745 Cascille
1055 677 1361 744 nouvelle
1398 690 1472 744 et
1506 674 1937 770 unegrande
1959 679 2203 771 partie
2230 677 2318 747 de

171 782 562 876 l'Amgon,
617 780 986 851 fortissimis
1043 782 1374 878 Hispanias
1422 780 1716 876 populis,
1767 805 1984 868 arma,
2031 807 2275 853 nomen
2294 836 2316 869 ,

173 888 701 982 sanguinemque
740 888 1091 958 sociaverit
1108 942 1129 977 ,
1172 902 1497 983 quantum
1532 887 1916 959 inclaruerit
1940 885 2314 959 Celtibero-

169 1016 328 1062 rum
366 1014 645 1082 nomen,
688 982 835 1088 quae
878 993 1128 1064 fuerint
1168 993 1516 1064 Gallorum
1564 1018 1720 1065 cum
1756 996 2116 1082 Britannis,
2160 1020 2314 1065 cum

173 1101 536 1171 Germanis
561 1102 956 1171 commercia
973 1155 992 1189 ,
1022 1100 1304 1196 prodere
1331 1104 1727 1172 immensum
1753 1102 1956 1190 foret,
1981 1117 2051 1172 et
2074 1117 2316 1172 nostrae

171 1205 657 1276 dissertationis
695 1206 863 1277 fines
899 1205 1096 1302 longe
1138 1208 1583 1302 egrederetur.
1620 1209 1711 1278 At
1748 1210 1906 1279 satis
1945 1211 2029 1279 sit
2060 1222 2317 1278 veteres

175 1311 531 1383 Gallorum
564 1313 804 1410 glorias
838 1312 1234 1409 indigitasse.
1255 1317 1512 1385 Verum
1532 1365 1553 1399 ,
1584 1315 1764 1410 quod
1792 1317 1861 1383 in
1893 1316 2166 1409 antiqua
2191 1315 2318 1385 his·

173 1421 352 1489 toria
386 1419 804 1491 utilissimum
844 1435 974 1508 est,
1002 1421 1089 1491 ad
1125 1422 1560 1492 recentiorem
1596 1423 1983 1491 memoriam
2020 1423 2315 1491 animum

173 1524 636 1616 revolvamus»,
688 1542 758 1597 et
795 1529 865 1597 in
905 1530 1106 1598 tantis
1149 1553 1372 1598 rerum
1417 1525 1941 1622 saeculorumque
1984 1528 2316 1598 vicissitu-

175 1632 444 1702 dinibus
479 1633 787 1704 eumdem
834 1636 902 1702 in
945 1633 1153 1705 Gallis
1187 1636 1484 1705 animum
1529 1658 2104 1730 recognoscamus.
2148 1633 2317 1703 Inde

177 1740 540 1835 irrequieta
582 1739 692 1811 illa
742 1739 967 1811 Caroli
1009 1743 1243 1837 Mag-ni
1276 1743 1522 1829 virtus,
1567 1766 1715 1836 quae
1762 1755 1862 1810 tot
1906 1738 2090 1810 bellis
2132 1742 2315 1835 peri-

87 1938 98 1944 ·
179 1844 476 1941 culisque
502 1861 685 1916 tanta
706 1861 974 1943 tamque
994 1847 1324 1942 disjuncta
1343 1863 1673 1918 terrarum
1691 1848 1901 1942 spatia
1924 1845 2312 1918 nobilitavit.

177 1951 350 2021 Inde
385 1953 584 2022 tantis
612 1952 961 2024 Gallorum
989 1957 1224 2024 animis
1251 1956 1600 2049 quaesitum
1627 1978 1706 2023 ac
1735 1954 2083 2023 fundatum
2107 1978 2149 2022 a
2177 1956 2314 2024 Go-

177 2057 443 2128 desrido
479 2059 568 2129 de
595 2061 937 2145 Bouillon,
967 2064 1264 2131 Heroum
1291 2062 1613 2150 maximo,
1644 2059 2317 2155 Hierosolymitanum

177 2187 483 2259 regnum.
529 2166 716 2236 Inde·
741 2168 934 2237 toties
974 2191 1013 2236 a
1057 2168 1300 2238 nostris
1349 2168 1617 2263 regibus
1654 2166 2125 2261 nobilitateque
2170 2162 2316 2259 gal-

179 2269 315 2340 lica
375 2286 628 2342 tentata
684 2275 1044 2369 AEgyptus,
1088 2288 1488 2369 occupatum
1527 2272 2318 2367 constantinopolitanum

177 2379 566 2472 imperium,
619 2381 776 2451 Asia
835 2379 1085 2475 gallicis
1154 2379 1713 2450 dominationibus
1774 2403 2093 2475 respersa.
2151 2377 2319 2447 Inde

181 2497 292 2553 tot
325 2484 499 2556 bella
541 2510 664 2583 per
711 2483 969 2557 Italiam
1013 2501 1214 2584 gesta.
1252 2486 1419 2556 Inde
1465 2512 1671 2584 quum
1706 2488 2043 2556 acerrimis
2082 2484 2317 2555 Ferdi-

183 2589 390 2661 nandi
424 2609 494 2663 et
518 2592 743 2664 Caroli
764 2598 830 2664 V
845 2594 1107 2688 judiciis
1141 2594 1404 2665 adserta
1427 2609 1530 2664 est
1555 2593 1823 2690 publica
1849 2590 2321 2688 tranquillitas,

181 2712 253 2767 et
287 2698 571 2793 politicis
611 2700 1013 2794 ponderibus
1049 2700 1285 2771 librata
1317 2704 1631 2796 Europa,
1669 2726 1794 2771 nec
1827 2701 1965 2796 jam
1994 2698 2168 2769 ullus
2210 2724 2319 2769 su-

181 2804 434 2899 perfuit
450 2802 701 2875 bellicis
723 2807 1209 2877 incursionibus
1226 2806 1444 2896 locus,
1467 2807 1682 2878 Galli
1664 2810 2016 2902 irrequieta
2036 2831 2154 2878 sua
2172 2832 2315 2875 mo-

181 2908 436 2981 bilitate
462 2926 753 3007 aguntur
781 2937 1041 3008 semper
1066 2929 1134 2983 et
1158 2916 1738 3010 circumaguntur3
1766 2929 1991 3007 atque,
2015 2911 2169 2982 licet
2191 2938 2318 3007 pa-

179 3018 381 3087 triam
408 3041 596 3088 suam
621 3016 982 3113 plurimum
1005 3019 1282 3109 faciant,
1307 3035 1647 3091 externam
1675 3042 2007 3115 quamque
2027 3017 2316 3113 plerum-

182 3147 315 3219 que
338 3141 676 3220 spernant,
688 3124 918 3196 militia
928 3141 1176 3216 tamen,
1193 3128 1467 3215 artibus,
1485 3126 1742 3215 litteris,
1759 3126 2193 3212 commerciis,
2205 3127 2319 3194 mi·

181 3230 468 3301 nisteriis
490 3232 774 3329 denique
794 3233 1101 3303 omnibus
1117 3247 1400 3303 utuntur
1419 3249 1490 3304 et
1509 3232 1924 3353 quandoque
1930 3232 2321 3318 abutuntur,

181 3351 264 3405 ut
291 3351 508 3410 totum
552 3350 1000 3435 pervagentur
1035 3339 1299 3428 orbem,
1334 3343 1426 3411 ita
1449 3356 1562 3430 ut,
1593 3342 1879 3409 maxime
1905 3340 1974 3407 in
2010 3341 2323 3434 Europa,

181 3467 325 3512 non
351 3445 542 3533 urbs,
585 3471 723 3516 non
756 3446 1108 3542 oppidum,
1149 3471 1321 3544 saepe
1353 3472 1438 3517 ne
1473 3472 1647 3517 unus
1674 3445 1942 3542 quidem
1978 3447 2064 3514 sit
2102 3446 2321 3530 vicu8‚

183 3551 258 3618 in
300 3575 434 3669 quo
471 3552 706 3624 Gallus
750 3552 979 3649 aliquis
1021 3578 1159 3624 non
1203 3568 1528 3625 occurrat.
1574 3554 1774 3641 Inde,
1810 3554 1867 3623 si
1902 3550 2117 3621 bellici
2161 3551 2319 3621 faci·

183 3658 406 3746 noris,
432 3657 682 3730 bellicae
724 3660 951 3756 gloriae
987 3683 1138 3756 spes
1180 3663 1439 3757 uspiam
1482 3659 1855 3756 adfulgeat‚
1897 3660 2118 3728 statim
2143 3681 2323 3753 prat·-

182 3711 480 3834 tervolat
497 3765 730 3836 Gallus
747 3819 769 3854 ,
812 3792 937 3837 nec
964 3767 1264 3837 locorum
1293 3766 1655 3837 intervallis
1672 3821 1692 3855 ,
1722 3791 1849 3836 nec
1873 3762 2323 3860 periculorum

186 3868 689 3943 difficultatibus
741 3873 1093 3945 deterritus
1109 3929 1129 3963 ‚
1173 3890 1251 3944 ut
1291 3899 1521 3945 recens
1555 3873 1847 3943 vidimus
1867 3926 1888 3960 ,
1931 3897 2141 3966 quum
2178 3871 2322 3939 exi·

181 3977 503 4153 Ξῖὶεεὶωα
546 3978 895 4051 Gallorum
937 4005 1209 4071 manuS‚
1260 3982 1443 4159 «ξιξ
1476 3983 1624 4050 viro
1593 3982 1908 4157 bessitish
1898 3979 2079 4155 Itlaonug
2090 4032 2111 4067 ,
2145 3999 2327 4047 ceux

310 4084 831 4176 Boea-bonnae,
957 4090 1238 4160 itotum
1445 4113 1592 4158 eor
1768 4088 1904 4156 m''
2019 4084 2326 4155 'ussuis

185 4189 713 4285 expeditionibus
751 4113 1240 4291 perlltllstrarunt
1258 4249 1278 4285 ,
1304 4198 1529 4266 animo
1572 4210 1641 4264 et
1673 4196 1919 4264 virtute
1958 4189 2323 4276 simillimo,
