<?xml version="1.0" encoding="UTF-8"?>
<!DOCTYPE html PUBLIC "-//W3C//DTD XHTML 1.0 Transitional//EN"
    "http://www.w3.org/TR/xhtml1/DTD/xhtml1-transitional.dtd">
<html xmlns="http://www.w3.org/1999/xhtml" xml:lang="en" lang="en">
 <head>
  <title>
</title>
<meta http-equiv="Content-Type" content="text/html;charset=utf-8" />
  <meta name='ocr-system' content='tesseract 3.04.00' />
  <meta name='ocr-capabilities' content='ocr_page ocr_carea ocr_par ocr_line ocrx_word'/>
</head>
<body>
  <div class='ocr_page' id='page_1' title='image "./caesaradbodices00caesgoog_0526.png"; bbox 0 0 3111 5147; ppageno 0'>
   <div class='ocr_carea' id='block_1_1' title="bbox 709 532 2065 622">
    <p class='ocr_par' dir='ltr' id='par_1_1' title="bbox 709 532 2065 622">
     <span class='ocr_line' id='line_1_1' title="bbox 709 532 2065 622; baseline -0.004 -14"><span class='ocrx_word' id='word_1_1' title='bbox 709 534 860 622; x_wconf 69' lang='grc'><strong>488</strong></span> <span class='ocrx_word' id='word_1_2' title='bbox 1468 536 1608 605; x_wconf 91' lang='lat' dir='ltr'><strong>DE</strong></span> <span class='ocrx_word' id='word_1_3' title='bbox 1662 532 2065 605; x_wconf 85' lang='lat' dir='ltr'><strong>GALLIA</strong></span> 
     </span>
    </p>
   </div>
   <div class='ocr_carea' id='block_1_2' title="bbox 647 662 2851 4277">
    <p class='ocr_par' dir='ltr' id='par_1_2' title="bbox 688 662 2851 2787">
     <span class='ocr_line' id='line_1_2' title="bbox 818 662 2841 764; baseline -0.003 -25"><span class='ocrx_word' id='word_1_4' title='bbox 818 684 854 721; x_wconf 59' lang='grc' dir='ltr'><strong>α</strong></span> <span class='ocrx_word' id='word_1_5' title='bbox 885 671 1036 739; x_wconf 82' lang='grc' dir='ltr'>Ηιιο</span> <span class='ocrx_word' id='word_1_6' title='bbox 1053 692 1262 764; x_wconf 87' lang='lat' dir='ltr'><strong>usque</strong></span> <span class='ocrx_word' id='word_1_7' title='bbox 1283 667 1811 764; x_wconf 81' lang='lat' dir='ltr'><strong>protendebatur</strong></span> <span class='ocrx_word' id='word_1_8' title='bbox 1830 664 2327 761; x_wconf 80' lang='lat' dir='ltr'><strong>Cisalpinorum</strong></span> <span class='ocrx_word' id='word_1_9' title='bbox 2351 662 2705 735; x_wconf 82' lang='lat' dir='ltr'><strong>Gallorum</strong></span> <span class='ocrx_word' id='word_1_10' title='bbox 2730 664 2841 732; x_wconf 86' lang='lat' dir='ltr'><strong>im·</strong></span> 
     </span>
     <span class='ocr_line' id='line_1_3' title="bbox 703 771 2846 872; baseline -0.002 -28"><span class='ocrx_word' id='word_1_11' title='bbox 703 777 998 872; x_wconf 89' lang='lat' dir='ltr'><strong>perium,</strong></span> <span class='ocrx_word' id='word_1_12' title='bbox 1038 776 1470 870; x_wconf 80' lang='lat' dir='ltr'>ducentisque</span> <span class='ocrx_word' id='word_1_13' title='bbox 1509 774 1719 843; x_wconf 88' lang='lat' dir='ltr'><strong>ferme</strong></span> <span class='ocrx_word' id='word_1_14' title='bbox 1757 773 2002 843; x_wconf 90' lang='lat' dir='ltr'><strong>abhinc</strong></span> <span class='ocrx_word' id='word_1_15' title='bbox 2036 772 2225 841; x_wconf 83' lang='lat' dir='ltr'><strong>annis</strong></span> <span class='ocrx_word' id='word_1_16' title='bbox 2264 795 2403 840; x_wconf 89' lang='lat' dir='ltr'><strong>non</strong></span> <span class='ocrx_word' id='word_1_17' title='bbox 2444 771 2653 840; x_wconf 87' lang='lat' dir='ltr'><strong>modo</strong></span> <span class='ocrx_word' id='word_1_18' title='bbox 2694 772 2846 839; x_wconf 80' lang='lat' dir='ltr'><strong>Ita-</strong></span> 
     </span>
     <span class='ocr_line' id='line_1_4' title="bbox 702 875 2851 972; baseline -0.002 -22"><span class='ocrx_word' id='word_1_19' title='bbox 702 881 808 951; x_wconf 86' lang='lat' dir='ltr'><strong>liae</strong></span> <span class='ocrx_word' id='word_1_20' title='bbox 849 881 1396 970; x_wconf 82' lang='lat' dir='ltr'>dominabantur,</span> <span class='ocrx_word' id='word_1_21' title='bbox 1451 880 1566 950; x_wconf 88' lang='lat' dir='ltr'><strong>sed</strong></span> <span class='ocrx_word' id='word_1_22' title='bbox 1619 904 1767 950; x_wconf 84' lang='lat' dir='ltr'><strong>eam</strong></span> <span class='ocrx_word' id='word_1_23' title='bbox 1808 880 2199 949; x_wconf 80' lang='lat' dir='ltr'><strong>inexhausta</strong></span> <span class='ocrx_word' id='word_1_24' title='bbox 2246 875 2655 947; x_wconf 80' lang='lat' dir='ltr'><strong>fecunditate</strong></span> <span class='ocrx_word' id='word_1_25' title='bbox 2704 903 2851 972; x_wconf 89' lang='lat' dir='ltr'><strong>op·—</strong></span> 
     </span>
     <span class='ocr_line' id='line_1_5' title="bbox 701 985 2845 1084; baseline -0.002 -27"><span class='ocrx_word' id='word_1_26' title='bbox 701 986 1048 1084; x_wconf 88' lang='lat' dir='ltr'><strong>pleverant</strong></span> <span class='ocrx_word' id='word_1_27' title='bbox 1067 1043 1087 1076; x_wconf 92' lang='lat'>‚</span> <span class='ocrx_word' id='word_1_28' title='bbox 1122 1008 1329 1084; x_wconf 86' lang='lat' dir='ltr'><strong>quum</strong></span> <span class='ocrx_word' id='word_1_29' title='bbox 1374 990 1670 1057; x_wconf 84' lang='lat' dir='ltr'>Senones</span> <span class='ocrx_word' id='word_1_30' title='bbox 1690 1040 1710 1074; x_wconf 91' lang='lat'><strong>,</strong></span> <span class='ocrx_word' id='word_1_31' title='bbox 1755 987 2038 1081; x_wconf 43' lang='lat' dir='ltr'><strong>quamtis</strong></span> <span class='ocrx_word' id='word_1_32' title='bbox 2075 987 2146 1053; x_wconf 91' lang='lat' dir='ltr'><strong>in</strong></span> <span class='ocrx_word' id='word_1_33' title='bbox 2189 985 2490 1072; x_wconf 82' lang='lat' dir='ltr'><strong>Etruria,</strong></span> <span class='ocrx_word' id='word_1_34' title='bbox 2532 986 2611 1053; x_wconf 82' lang='lat' dir='ltr'><strong>la</strong></span> <span class='ocrx_word' id='word_1_35' title='bbox 2660 986 2845 1053; x_wconf 85' lang='lat' dir='ltr'><strong>Tos-</strong></span> 
     </span>
     <span class='ocr_line' id='line_1_6' title="bbox 700 1090 2847 1181; baseline -0.001 -18"><span class='ocrx_word' id='word_1_36' title='bbox 700 1118 914 1181; x_wconf 83' lang='lat' dir='ltr'><strong>ccme,</strong></span> <span class='ocrx_word' id='word_1_37' title='bbox 962 1097 1155 1164; x_wconf 90' lang='lat' dir='ltr'><strong>novis</strong></span> <span class='ocrx_word' id='word_1_38' title='bbox 1196 1094 1489 1181; x_wconf 73' lang='lat' dir='ltr'><strong>sedibuS,</strong></span> <span class='ocrx_word' id='word_1_39' title='bbox 1526 1091 1867 1179; x_wconf 88' lang='lat' dir='ltr'><strong>Clusium,</strong></span> <span class='ocrx_word' id='word_1_40' title='bbox 1914 1093 2169 1179; x_wconf 60' lang='lat' dir='ltr'><strong>omasi,</strong></span> <span class='ocrx_word' id='word_1_41' title='bbox 2204 1090 2560 1177; x_wconf 80' lang='lat' dir='ltr'><strong>obsedere,</strong></span> <span class='ocrx_word' id='word_1_42' title='bbox 2604 1092 2847 1160; x_wconf 67' lang='lat' dir='ltr'><strong>Romae</strong></span> 
     </span>
     <span class='ocr_line' id='line_1_7' title="bbox 700 1146 2843 1295; baseline -0.002 -27"><span class='ocrx_word' id='word_1_43' title='bbox 700 1201 1132 1270; x_wconf 83' lang='lat' dir='ltr'><strong>imminentes,</strong></span> <span class='ocrx_word' id='word_1_44' title='bbox 1180 1202 1292 1268; x_wconf 90' lang='lat' dir='ltr'><strong>Ob</strong></span> <span class='ocrx_word' id='word_1_45' title='bbox 1336 1224 1692 1270; x_wconf 90' lang='lat' dir='ltr'><strong>commune</strong></span> <span class='ocrx_word' id='word_1_46' title='bbox 1721 1146 2120 1295; x_wconf 83' lang='lat' dir='ltr'><strong>periculum,</strong></span> <span class='ocrx_word' id='word_1_47' title='bbox 2160 1199 2341 1267; x_wconf 84' lang='lat' dir='ltr'><strong>missi</strong></span> <span class='ocrx_word' id='word_1_48' title='bbox 2370 1200 2843 1265; x_wconf 87' lang='lat' dir='ltr'><strong>Romanorum</strong></span> 
     </span>
     <span class='ocr_line' id='line_1_8' title="bbox 701 1302 2845 1423; baseline -0.002 -48"><span class='ocrx_word' id='word_1_49' title='bbox 701 1304 933 1401; x_wconf 84' lang='lat' dir='ltr'><strong>legati,</strong></span> <span class='ocrx_word' id='word_1_50' title='bbox 978 1330 1018 1375; x_wconf 97' lang='lat' dir='ltr'><strong>a</strong></span> <span class='ocrx_word' id='word_1_51' title='bbox 1060 1305 1346 1377; x_wconf 86' lang='lat' dir='ltr'><strong>Clusinis</strong></span> <span class='ocrx_word' id='word_1_52' title='bbox 1384 1307 1618 1393; x_wconf 90' lang='lat' dir='ltr'><strong>acciti,</strong></span> <span class='ocrx_word' id='word_1_53' title='bbox 1659 1307 1774 1400; x_wconf 89' lang='lat' dir='ltr'><strong>qui</strong></span> <span class='ocrx_word' id='word_1_54' title='bbox 1814 1318 2222 1400; x_wconf 76' lang='lat' dir='ltr'><strong>quaererent‚</strong></span> <span class='ocrx_word' id='word_1_55' title='bbox 2254 1303 2589 1423; x_wconf 79' lang='lat' dir='ltr'><strong>quodnam</strong></span> <span class='ocrx_word' id='word_1_56' title='bbox 2636 1302 2755 1371; x_wconf 85' lang='lat' dir='ltr'><strong>id&#39;</strong></span> <span class='ocrx_word' id='word_1_57' title='bbox 2724 1329 2845 1398; x_wconf 83' lang='lat' dir='ltr'><strong>Jus</strong></span> 
     </span>
     <span class='ocr_line' id='line_1_9' title="bbox 701 1410 2841 1509; baseline -0.001 -28"><span class='ocrx_word' id='word_1_58' title='bbox 701 1428 920 1499; x_wconf 88' lang='lat' dir='ltr'><strong>esset,</strong></span> <span class='ocrx_word' id='word_1_59' title='bbox 969 1438 1205 1508; x_wconf 84' lang='lat' dir='ltr'><strong>agrum</strong></span> <span class='ocrx_word' id='word_1_60' title='bbox 1250 1437 1290 1481; x_wconf 84' lang='lat' dir='ltr'><strong>a</strong></span> <span class='ocrx_word' id='word_1_61' title='bbox 1331 1413 1818 1509; x_wconf 83' lang='lat' dir='ltr'><strong>possessoribus</strong></span> <span class='ocrx_word' id='word_1_62' title='bbox 1860 1426 2120 1506; x_wconf 86' lang='lat' dir='ltr'><strong>petere,</strong></span> <span class='ocrx_word' id='word_1_63' title='bbox 2164 1424 2281 1479; x_wconf 83' lang='lat' dir='ltr'><strong>aut</strong></span> <span class='ocrx_word' id='word_1_64' title='bbox 2326 1410 2565 1479; x_wconf 81' lang='lat' dir='ltr'><strong>minari</strong></span> <span class='ocrx_word' id='word_1_65' title='bbox 2621 1432 2841 1478; x_wconf 83' lang='lat' dir='ltr'><strong>arma.</strong></span> 
     </span>
     <span class='ocr_line' id='line_1_10' title="bbox 698 1515 2841 1615; baseline -0.002 -26"><span class='ocrx_word' id='word_1_66' title='bbox 698 1519 1131 1615; x_wconf 81' lang='lat' dir='ltr'><strong>Respondere</strong></span> <span class='ocrx_word' id='word_1_67' title='bbox 1160 1519 1365 1607; x_wconf 85' lang='lat' dir='ltr'><strong>Galli,</strong></span> <span class='ocrx_word' id='word_1_68' title='bbox 1402 1545 1471 1589; x_wconf 90' lang='lat' dir='ltr'><strong>se</strong></span> <span class='ocrx_word' id='word_1_69' title='bbox 1509 1522 1579 1587; x_wconf 89' lang='lat' dir='ltr'><strong>in</strong></span> <span class='ocrx_word' id='word_1_70' title='bbox 1607 1520 1806 1588; x_wconf 86' lang='lat' dir='ltr'><strong>armis</strong></span> <span class='ocrx_word' id='word_1_71' title='bbox 1829 1518 1939 1611; x_wconf 86' lang='lat' dir='ltr'><strong>jus</strong></span> <span class='ocrx_word' id='word_1_72' title='bbox 1972 1517 2178 1604; x_wconf 86' lang='lat' dir='ltr'><strong>ferre,</strong></span> <span class='ocrx_word' id='word_1_73' title='bbox 2211 1532 2278 1585; x_wconf 88' lang='lat' dir='ltr'><strong>et</strong></span> <span class='ocrx_word' id='word_1_74' title='bbox 2303 1518 2527 1585; x_wconf 85' lang='lat' dir='ltr'><strong>omnia</strong></span> <span class='ocrx_word' id='word_1_75' title='bbox 2554 1515 2841 1585; x_wconf 82' lang='lat' dir='ltr'><strong>fortium</strong></span> 
     </span>
     <span class='ocr_line' id='line_1_11' title="bbox 698 1623 2841 1720; baseline 0 -28"><span class='ocrx_word' id='word_1_76' title='bbox 698 1628 998 1696; x_wconf 88' lang='lat' dir='ltr'><strong>virorum</strong></span> <span class='ocrx_word' id='word_1_77' title='bbox 1034 1651 1192 1697; x_wconf 86' lang='lat' dir='ltr'><strong>esse.</strong></span> <span class='ocrx_word' id='word_1_78' title='bbox 1239 1628 1603 1720; x_wconf 87' lang='lat' dir='ltr'><strong>Quumque</strong></span> <span class='ocrx_word' id='word_1_79' title='bbox 1638 1624 1871 1720; x_wconf 83' lang='lat' dir='ltr'><strong>legati,</strong></span> <span class='ocrx_word' id='word_1_80' title='bbox 1898 1638 2130 1692; x_wconf 86' lang='lat' dir='ltr'><strong>contra</strong></span> <span class='ocrx_word' id='word_1_81' title='bbox 2149 1623 2259 1716; x_wconf 86' lang='lat' dir='ltr'><strong>jus</strong></span> <span class='ocrx_word' id='word_1_82' title='bbox 2286 1624 2619 1717; x_wconf 84' lang='lat' dir='ltr'><strong>gentium,</strong></span> <span class='ocrx_word' id='word_1_83' title='bbox 2646 1646 2841 1692; x_wconf 86' lang='lat' dir='ltr'><strong>arma</strong></span> 
     </span>
     <span class='ocr_line' id='line_1_12' title="bbox 698 1729 2838 1828; baseline -0.002 -26"><span class='ocrx_word' id='word_1_84' title='bbox 698 1756 938 1828; x_wconf 85' lang='lat' dir='ltr'><strong>capere</strong></span> <span class='ocrx_word' id='word_1_85' title='bbox 977 1748 1195 1803; x_wconf 89' lang='lat' dir='ltr'><strong>essent</strong></span> <span class='ocrx_word' id='word_1_86' title='bbox 1234 1735 1418 1821; x_wconf 87' lang='lat' dir='ltr'><strong>ausi,</strong></span> <span class='ocrx_word' id='word_1_87' title='bbox 1462 1731 1941 1826; x_wconf 85' lang='lat' dir='ltr'><strong>Gallorumque</strong></span> <span class='ocrx_word' id='word_1_88' title='bbox 1983 1729 2223 1826; x_wconf 84' lang='lat' dir='ltr'><strong>legatio</strong></span> <span class='ocrx_word' id='word_1_89' title='bbox 2266 1732 2552 1799; x_wconf 83' lang='lat' dir='ltr'><strong>Romam</strong></span> <span class='ocrx_word' id='word_1_90' title='bbox 2590 1731 2793 1798; x_wconf 87' lang='lat' dir='ltr'><strong>missa</strong></span> <span class='ocrx_word' id='word_1_91' title='bbox 2818 1784 2838 1816; x_wconf 84' lang='lat'><strong>,</strong></span> 
     </span>
     <span class='ocr_line' id='line_1_13' title="bbox 698 1835 2835 1934; baseline 0 -28"><span class='ocrx_word' id='word_1_92' title='bbox 698 1853 776 1907; x_wconf 89' lang='lat' dir='ltr'><strong>ut</strong></span> <span class='ocrx_word' id='word_1_93' title='bbox 828 1863 974 1908; x_wconf 90' lang='lat' dir='ltr'><strong>eam</strong></span> <span class='ocrx_word' id='word_1_94' title='bbox 1031 1841 1336 1934; x_wconf 84' lang='lat' dir='ltr'><strong>injuriam</strong></span> <span class='ocrx_word' id='word_1_95' title='bbox 1401 1853 1829 1933; x_wconf 81' lang='lat' dir='ltr'><strong>quereretur,</strong></span> <span class='ocrx_word' id='word_1_96' title='bbox 1879 1836 2148 1931; x_wconf 86' lang='lat' dir='ltr'><strong>indigne</strong></span> <span class='ocrx_word' id='word_1_97' title='bbox 2209 1835 2442 1906; x_wconf 86' lang='lat' dir='ltr'><strong>fuisset</strong></span> <span class='ocrx_word' id='word_1_98' title='bbox 2514 1850 2835 1930; x_wconf 81' lang='lat' dir='ltr'><strong>excepta,</strong></span> 
     </span>
     <span class='ocr_line' id='line_1_14' title="bbox 693 1943 2831 2038; baseline -0.001 -26"><span class='ocrx_word' id='word_1_99' title='bbox 693 1943 876 2013; x_wconf 83' lang='lat' dir='ltr'><strong>&#39;Galli</strong></span> <span class='ocrx_word' id='word_1_100' title='bbox 935 1946 1034 2013; x_wconf 90' lang='lat' dir='ltr'><strong>ira</strong></span> <span class='ocrx_word' id='word_1_101' title='bbox 1093 1946 1392 2015; x_wconf 86' lang='lat' dir='ltr'><strong>succensi</strong></span> <span class='ocrx_word' id='word_1_102' title='bbox 1446 1944 1758 2015; x_wconf 89' lang='lat' dir='ltr'><strong>Clusinos</strong></span> <span class='ocrx_word' id='word_1_103' title='bbox 1804 1944 2153 2030; x_wconf 88' lang='lat' dir='ltr'><strong>omittunt,</strong></span> <span class='ocrx_word' id='word_1_104' title='bbox 2214 1957 2280 2011; x_wconf 87' lang='lat' dir='ltr'><strong>et</strong></span> <span class='ocrx_word' id='word_1_105' title='bbox 2328 1943 2666 2011; x_wconf 87' lang='lat' dir='ltr'><strong>concitato</strong></span> <span class='ocrx_word' id='word_1_106' title='bbox 2706 1967 2831 2038; x_wconf 83' lang='lat' dir='ltr'><strong>ag·</strong></span> 
     </span>
     <span class='ocr_line' id='line_1_15' title="bbox 695 2049 2833 2147; baseline -0 -29"><span class='ocrx_word' id='word_1_107' title='bbox 695 2052 875 2119; x_wconf 92' lang='lat' dir='ltr'><strong>mine</strong></span> <span class='ocrx_word' id='word_1_108' title='bbox 933 2052 1217 2120; x_wconf 84' lang='lat' dir='ltr'><strong>Romam</strong></span> <span class='ocrx_word' id='word_1_109' title='bbox 1271 2066 1536 2147; x_wconf 87' lang='lat' dir='ltr'><strong>petunt,</strong></span> <span class='ocrx_word' id='word_1_110' title='bbox 1592 2055 1857 2120; x_wconf 88' lang='lat' dir='ltr'><strong>Brenno</strong></span> <span class='ocrx_word' id='word_1_111' title='bbox 1911 2049 2080 2119; x_wconf 88' lang='lat' dir='ltr'><strong>duce</strong></span> <span class='ocrx_word' id='word_1_112' title='bbox 2098 2103 2118 2137; x_wconf 92' lang='lat'><strong>,</strong></span> <span class='ocrx_word' id='word_1_113' title='bbox 2175 2072 2352 2118; x_wconf 90' lang='lat' dir='ltr'><strong>anno</strong></span> <span class='ocrx_word' id='word_1_114' title='bbox 2402 2049 2606 2119; x_wconf 82' lang='lat' dir='ltr'><strong>Urbis</strong></span> <span class='ocrx_word' id='word_1_115' title='bbox 2658 2073 2833 2118; x_wconf 88' lang='lat' dir='ltr'><strong>con-</strong></span> 
     </span>
     <span class='ocr_line' id='line_1_16' title="bbox 693 2153 2833 2251; baseline -0.001 -25"><span class='ocrx_word' id='word_1_116' title='bbox 693 2154 846 2228; x_wconf 87' lang='lat' dir='ltr'><strong>ditae</strong></span> <span class='ocrx_word' id='word_1_117' title='bbox 905 2159 1314 2229; x_wconf 89' lang='lat' dir='ltr'><strong>CCCLXIV</strong></span> <span class='ocrx_word' id='word_1_118' title='bbox 1334 2213 1353 2247; x_wconf 92' lang='lat'><strong>,</strong></span> <span class='ocrx_word' id='word_1_119' title='bbox 1401 2173 1554 2227; x_wconf 82' lang='lat' dir='ltr'><strong>ante</strong></span> <span class='ocrx_word' id='word_1_120' title='bbox 1609 2157 1951 2228; x_wconf 86' lang='lat' dir='ltr'><strong>Christum</strong></span> <span class='ocrx_word' id='word_1_121' title='bbox 2005 2153 2176 2251; x_wconf 82' lang='lat'><strong>390.</strong></span> <span class='ocrx_word' id='word_1_122' title='bbox 2224 2157 2402 2225; x_wconf 86' lang='lat' dir='ltr'><strong>Victi</strong></span> <span class='ocrx_word' id='word_1_123' title='bbox 2455 2154 2541 2223; x_wconf 88' lang='lat' dir='ltr'><strong>ad</strong></span> <span class='ocrx_word' id='word_1_124' title='bbox 2586 2153 2833 2224; x_wconf 79' lang='lat' dir='ltr'><strong>Alliam</strong></span> 
     </span>
     <span class='ocr_line' id='line_1_17' title="bbox 693 2260 2832 2356; baseline -0 -24"><span class='ocrx_word' id='word_1_125' title='bbox 693 2263 972 2353; x_wconf 88' lang='lat' dir='ltr'><strong>flumen,</strong></span> <span class='ocrx_word' id='word_1_126' title='bbox 1007 2268 1329 2336; x_wconf 83' lang='lat' dir='ltr'><strong>Torrente</strong></span> <span class='ocrx_word' id='word_1_127' title='bbox 1351 2265 1430 2335; x_wconf 75' lang='lat' dir='ltr'><strong>di</strong></span> <span class='ocrx_word' id='word_1_128' title='bbox 1455 2266 1731 2351; x_wconf 57' lang='lat' dir='ltr'><strong>Cauno,</strong></span> <span class='ocrx_word' id='word_1_129' title='bbox 1757 2263 2065 2333; x_wconf 79' lang='lat' dir='ltr'><strong>Romani.</strong></span> <span class='ocrx_word' id='word_1_130' title='bbox 2097 2265 2313 2356; x_wconf 85' lang='lat' dir='ltr'><strong>Capta</strong></span> <span class='ocrx_word' id='word_1_131' title='bbox 2336 2265 2586 2332; x_wconf 86' lang='lat' dir='ltr'><strong>Roma.</strong></span> <span class='ocrx_word' id='word_1_132' title='bbox 2572 2288 2587 2301; x_wconf 95' lang='lat'><strong>·</strong></span> <span class='ocrx_word' id='word_1_133' title='bbox 2616 2260 2832 2331; x_wconf 87' lang='lat' dir='ltr'><strong>ferme</strong></span> 
     </span>
     <span class='ocr_line' id='line_1_18' title="bbox 694 2366 2829 2468; baseline 0 -30"><span class='ocrx_word' id='word_1_134' title='bbox 694 2387 1148 2466; x_wconf 81' lang='lat' dir='ltr'><strong>expugnatum</strong></span> <span class='ocrx_word' id='word_1_135' title='bbox 1206 2369 1644 2468; x_wconf 89' lang='lat' dir='ltr'><strong>Capitolium;</strong></span> <span class='ocrx_word' id='word_1_136' title='bbox 1692 2385 1761 2439; x_wconf 93' lang='lat' dir='ltr'><strong>et</strong></span> <span class='ocrx_word' id='word_1_137' title='bbox 1805 2394 1846 2438; x_wconf 89' lang='lat' dir='ltr'><strong>a</strong></span> <span class='ocrx_word' id='word_1_138' title='bbox 1892 2369 2254 2438; x_wconf 84' lang='lat' dir='ltr'><strong>victoribus</strong></span> <span class='ocrx_word' id='word_1_139' title='bbox 2310 2366 2521 2438; x_wconf 86' lang='lat' dir='ltr'><strong>Gallis</strong></span> <span class='ocrx_word' id='word_1_140' title='bbox 2569 2367 2829 2438; x_wconf 73' lang='lat' dir='ltr'><strong>sachun</strong></span> 
     </span>
     <span class='ocr_line' id='line_1_19' title="bbox 690 2473 2829 2578; baseline 0 -33"><span class='ocrx_word' id='word_1_141' title='bbox 690 2476 923 2571; x_wconf 88' lang='lat' dir='ltr'><strong>populi</strong></span> <span class='ocrx_word' id='word_1_142' title='bbox 954 2480 1211 2548; x_wconf 88' lang='lat' dir='ltr'><strong>romani</strong></span> <span class='ocrx_word' id='word_1_143' title='bbox 1243 2479 1527 2572; x_wconf 86' lang='lat' dir='ltr'><strong>pretium</strong></span> <span class='ocrx_word' id='word_1_144' title='bbox 1561 2475 1744 2546; x_wconf 90' lang='lat' dir='ltr'><strong>mille</strong></span> <span class='ocrx_word' id='word_1_145' title='bbox 1780 2475 2006 2572; x_wconf 88' lang='lat' dir='ltr'><strong>pondo</strong></span> <span class='ocrx_word' id='word_1_146' title='bbox 2031 2477 2223 2578; x_wconf 81' lang='lat' dir='ltr'><strong>auri·</strong></span> <span class='ocrx_word' id='word_1_147' title='bbox 2260 2473 2508 2569; x_wconf 81' lang='lat' dir='ltr'><strong>gallicae</strong></span> <span class='ocrx_word' id='word_1_148' title='bbox 2535 2490 2829 2545; x_wconf 65' lang='lat' dir='ltr'><strong>monete</strong></span> 
     </span>
     <span class='ocr_line' id='line_1_20' title="bbox 688 2580 2825 2690; baseline -0 -39"><span class='ocrx_word' id='word_1_149' title='bbox 688 2581 873 2670; x_wconf 82' lang='lat' dir='ltr'><strong>librae</strong></span> <span class='ocrx_word' id='word_1_150' title='bbox 892 2599 1045 2690; x_wconf 75' lang='lat' dir='ltr'><strong>sunt</strong></span> <span class='ocrx_word' id='word_1_151' title='bbox 1068 2580 1246 2679; x_wconf 75' lang='lat'><strong>945,</strong></span> <span class='ocrx_word' id='word_1_152' title='bbox 1249 2607 1423 2654; x_wconf 88' lang='lat' dir='ltr'><strong>ooo.</strong></span> <span class='ocrx_word' id='word_1_153' title='bbox 1443 2586 1677 2653; x_wconf 91' lang='lat' dir='ltr'><strong>Livius</strong></span> <span class='ocrx_word' id='word_1_154' title='bbox 1698 2586 1788 2670; x_wconf 88' lang='lat' dir='ltr'><strong>V,</strong></span> <span class='ocrx_word' id='word_1_155' title='bbox 1810 2580 1906 2654; x_wconf 81' lang='lat'><strong>35</strong></span> <span class='ocrx_word' id='word_1_156' title='bbox 1931 2598 1999 2652; x_wconf 91' lang='lat' dir='ltr'><strong>et</strong></span> <span class='ocrx_word' id='word_1_157' title='bbox 2016 2607 2193 2678; x_wconf 88' lang='lat' dir='ltr'><strong>seqq.</strong></span> <span class='ocrx_word' id='word_1_158' title='bbox 2217 2580 2464 2651; x_wconf 88' lang='lat' dir='ltr'><strong>Plinius</strong></span> <span class='ocrx_word' id='word_1_159' title='bbox 2485 2582 2825 2670; x_wconf 86' lang='lat' dir='ltr'><strong>XXXIII,</strong></span> 
     </span>
     <span class='ocr_line' id='line_1_21' title="bbox 698 2685 2741 2787; baseline -0.001 -29"><span class='ocrx_word' id='word_1_160' title='bbox 698 2712 771 2776; x_wconf 88' lang='lat'><strong>1,</strong></span> <span class='ocrx_word' id='word_1_161' title='bbox 810 2685 862 2775; x_wconf 78' lang='lat' dir='ltr'>S</span> <span class='ocrx_word' id='word_1_162' title='bbox 911 2685 1047 2758; x_wconf 83' lang='lat'><strong>5.»</strong></span> <span class='ocrx_word' id='word_1_163' title='bbox 1092 2692 1202 2759; x_wconf 86' lang='lat' dir='ltr'><strong>De</strong></span> <span class='ocrx_word' id='word_1_164' title='bbox 1242 2694 1515 2766; x_wconf 79' lang='lat' dir='ltr'><strong>Brenno</strong></span> <span class='ocrx_word' id='word_1_165' title='bbox 1557 2690 1691 2760; x_wconf 88' lang='lat' dir='ltr'><strong>vid.</strong></span> <span class='ocrx_word' id='word_1_166' title='bbox 1735 2694 1958 2787; x_wconf 81' lang='lat' dir='ltr'><strong>Epist.</strong></span> <span class='ocrx_word' id='word_1_167' title='bbox 1999 2688 2353 2775; x_wconf 65' lang='lat' dir='ltr'><strong>Dedicat„</strong></span> <span class='ocrx_word' id='word_1_168' title='bbox 2390 2712 2539 2783; x_wconf 85' lang='lat' dir='ltr'><strong>pag.</strong></span> <span class='ocrx_word' id='word_1_169' title='bbox 2586 2711 2741 2757; x_wconf 85' lang='lat' dir='ltr'><strong>vm.</strong></span> 
     </span>
    </p>

    <p class='ocr_par' dir='ltr' id='par_1_3' title="bbox 647 2789 2825 4170">
     <span class='ocr_line' id='line_1_22' title="bbox 800 2789 2825 2893; baseline 0.001 -29.035"><span class='ocrx_word' id='word_1_170' title='bbox 800 2789 1067 2864; x_wconf 78' lang='lat' dir='ltr'><strong>«Haud</strong></span> <span class='ocrx_word' id='word_1_171' title='bbox 1095 2794 1356 2867; x_wconf 82' lang='lat' dir='ltr'><strong>illaetior</strong></span> <span class='ocrx_word' id='word_1_172' title='bbox 1389 2790 1607 2867; x_wconf 83' lang='lat' dir='ltr'><strong>fuerat</strong></span> <span class='ocrx_word' id='word_1_173' title='bbox 1630 2798 1928 2893; x_wconf 82' lang='lat' dir='ltr'><strong>Sigovesi</strong></span> <span class='ocrx_word' id='word_1_174' title='bbox 1952 2796 2237 2868; x_wconf 86' lang='lat' dir='ltr'><strong>fortuna.</strong></span> <span class='ocrx_word' id='word_1_175' title='bbox 2276 2797 2626 2890; x_wconf 84' lang='lat' dir='ltr'><strong>Occupata</strong></span> <span class='ocrx_word' id='word_1_176' title='bbox 2662 2798 2825 2865; x_wconf 84' lang='lat' dir='ltr'><strong>Her·</strong></span> 
     </span>
     <span class='ocr_line' id='line_1_23' title="bbox 685 2900 2817 2997; baseline 0 -28"><span class='ocrx_word' id='word_1_177' title='bbox 685 2902 879 2995; x_wconf 81' lang='lat' dir='ltr'><strong>cynia</strong></span> <span class='ocrx_word' id='word_1_178' title='bbox 918 2900 1110 2991; x_wconf 85' lang='lat' dir='ltr'><strong>silva,</strong></span> <span class='ocrx_word' id='word_1_179' title='bbox 1156 2928 1302 2997; x_wconf 63' lang='lat' dir='ltr'><strong>quie</strong></span> <span class='ocrx_word' id='word_1_180' title='bbox 1358 2905 1711 2973; x_wconf 81' lang='lat' dir='ltr'><strong>maximam</strong></span> <span class='ocrx_word' id='word_1_181' title='bbox 1764 2904 2139 2974; x_wconf 75' lang='lat' dir='ltr'><strong>Germaniae</strong></span> <span class='ocrx_word' id='word_1_182' title='bbox 2198 2916 2457 2997; x_wconf 80' lang='lat' dir='ltr'><strong>partem</strong></span> <span class='ocrx_word' id='word_1_183' title='bbox 2500 2916 2645 2969; x_wconf 89' lang='lat' dir='ltr'><strong>tum</strong></span> <span class='ocrx_word' id='word_1_184' title='bbox 2687 2902 2817 2970; x_wconf 87' lang='lat' dir='ltr'><strong>ob-</strong></span> 
     </span>
     <span class='ocr_line' id='line_1_24' title="bbox 681 3006 2816 3105; baseline 0 -28"><span class='ocrx_word' id='word_1_185' title='bbox 681 3007 938 3078; x_wconf 88' lang='lat' dir='ltr'><strong>tinebat</strong></span> <span class='ocrx_word' id='word_1_186' title='bbox 958 3062 976 3096; x_wconf 91' lang='lat'><strong>,</strong></span> <span class='ocrx_word' id='word_1_187' title='bbox 1020 3009 1234 3098; x_wconf 88' lang='lat' dir='ltr'><strong>Galli,</strong></span> <span class='ocrx_word' id='word_1_188' title='bbox 1276 3035 1443 3105; x_wconf 89' lang='lat' dir='ltr'><strong>quos</strong></span> <span class='ocrx_word' id='word_1_189' title='bbox 1498 3012 1673 3080; x_wconf 92' lang='lat' dir='ltr'><strong>inter</strong></span> <span class='ocrx_word' id='word_1_190' title='bbox 1725 3012 2016 3104; x_wconf 84' lang='lat' dir='ltr'><strong>insignes</strong></span> <span class='ocrx_word' id='word_1_191' title='bbox 2057 3021 2249 3077; x_wconf 89' lang='lat' dir='ltr'><strong>erant</strong></span> <span class='ocrx_word' id='word_1_192' title='bbox 2290 3006 2519 3078; x_wconf 81' lang='lat' dir='ltr'><strong>Volcae</strong></span> <span class='ocrx_word' id='word_1_193' title='bbox 2562 3010 2816 3078; x_wconf 86' lang='lat' dir='ltr'><strong>Tecto-</strong></span> 
     </span>
     <span class='ocr_line' id='line_1_25' title="bbox 680 3112 2814 3210; baseline 0 -26"><span class='ocrx_word' id='word_1_194' title='bbox 680 3139 899 3209; x_wconf 84' lang='lat' dir='ltr'><strong>sages,</strong></span> <span class='ocrx_word' id='word_1_195' title='bbox 937 3117 1002 3185; x_wconf 85' lang='lat' dir='ltr'><strong>le</strong></span> <span class='ocrx_word' id='word_1_196' title='bbox 1036 3112 1306 3187; x_wconf 65' lang='lat' dir='ltr'><strong>diocese</strong></span> <span class='ocrx_word' id='word_1_197' title='bbox 1342 3115 1431 3185; x_wconf 79' lang='lat' dir='ltr'><strong>de</strong></span> <span class='ocrx_word' id='word_1_198' title='bbox 1469 3117 1837 3204; x_wconf 81' lang='lat' dir='ltr'><strong>Toulouse,</strong></span> <span class='ocrx_word' id='word_1_199' title='bbox 1878 3139 2000 3210; x_wconf 87' lang='lat' dir='ltr'><strong>per</strong></span> <span class='ocrx_word' id='word_1_200' title='bbox 2040 3129 2293 3210; x_wconf 86' lang='lat' dir='ltr'><strong>strages</strong></span> <span class='ocrx_word' id='word_1_201' title='bbox 2329 3115 2814 3202; x_wconf 83' lang='lat' dir='ltr'><strong>barbarorum,</strong></span> 
     </span>
     <span class='ocr_line' id='line_1_26' title="bbox 675 3218 2808 3317; baseline 0 -29"><span class='ocrx_word' id='word_1_202' title='bbox 675 3218 976 3316; x_wconf 87' lang='lat' dir='ltr'><strong>Illyricos</strong></span> <span class='ocrx_word' id='word_1_203' title='bbox 1019 3224 1239 3311; x_wconf 90' lang='lat' dir='ltr'><strong>sinus,</strong></span> <span class='ocrx_word' id='word_1_204' title='bbox 1292 3223 1369 3291; x_wconf 85' lang='lat' dir='ltr'><strong>la</strong></span> <span class='ocrx_word' id='word_1_205' title='bbox 1421 3224 1780 3310; x_wconf 69' lang='lat' dir='ltr'><strong>Carneble,</strong></span> <span class='ocrx_word' id='word_1_206' title='bbox 1828 3223 1905 3292; x_wconf 84' lang='lat' dir='ltr'><strong>la</strong></span> <span class='ocrx_word' id='word_1_207' title='bbox 1939 3222 2288 3308; x_wconf 77' lang='lat' dir='ltr'><strong>Slavom’e,</strong></span> <span class='ocrx_word' id='word_1_208' title='bbox 2343 3235 2808 3317; x_wconf 79' lang='lat' dir='ltr'><strong>penetravere,</strong></span> 
     </span>
     <span class='ocr_line' id='line_1_27' title="bbox 675 3327 2804 3447; baseline -0 -51"><span class='ocrx_word' id='word_1_209' title='bbox 675 3327 1163 3447; x_wconf 77' lang='lat' dir='ltr'><strong>consedereque</strong></span> <span class='ocrx_word' id='word_1_210' title='bbox 1204 3331 1273 3397; x_wconf 93' lang='lat' dir='ltr'><strong>in</strong></span> <span class='ocrx_word' id='word_1_211' title='bbox 1315 3330 1691 3417; x_wconf 87' lang='lat' dir='ltr'><strong>Pannonia,</strong></span> <span class='ocrx_word' id='word_1_212' title='bbox 1733 3329 1810 3398; x_wconf 84' lang='lat' dir='ltr'><strong>la</strong></span> <span class='ocrx_word' id='word_1_213' title='bbox 1850 3332 2195 3424; x_wconf 65' lang='lat' dir='ltr'><strong>Hongne,</strong></span> <span class='ocrx_word' id='word_1_214' title='bbox 2237 3329 2289 3395; x_wconf 86' lang='lat' dir='ltr'><strong>l’</strong></span> <span class='ocrx_word' id='word_1_215' title='bbox 2288 3327 2625 3398; x_wconf 74' lang='lat' dir='ltr'><strong>Aum&#39;che.</strong></span> <span class='ocrx_word' id='word_1_216' title='bbox 2664 3328 2804 3395; x_wconf 92' lang='lat' dir='ltr'><strong>Do·</strong></span> 
     </span>
     <span class='ocr_line' id='line_1_28' title="bbox 670 3432 2804 3531; baseline -0 -29"><span class='ocrx_word' id='word_1_217' title='bbox 670 3435 847 3503; x_wconf 86' lang='lat' dir='ltr'><strong>mitis</strong></span> <span class='ocrx_word' id='word_1_218' title='bbox 893 3435 1289 3523; x_wconf 87' lang='lat' dir='ltr'><strong>Pannoniis,</strong></span> <span class='ocrx_word' id='word_1_219' title='bbox 1348 3459 1470 3531; x_wconf 90' lang='lat' dir='ltr'><strong>per</strong></span> <span class='ocrx_word' id='word_1_220' title='bbox 1515 3434 1759 3505; x_wconf 88' lang='lat' dir='ltr'><strong>multos</strong></span> <span class='ocrx_word' id='word_1_221' title='bbox 1809 3459 2019 3503; x_wconf 85' lang='lat' dir='ltr'><strong>annos</strong></span> <span class='ocrx_word' id='word_1_222' title='bbox 2060 3458 2215 3504; x_wconf 91' lang='lat' dir='ltr'><strong>cum</strong></span> <span class='ocrx_word' id='word_1_223' title='bbox 2272 3432 2567 3504; x_wconf 86' lang='lat' dir='ltr'><strong>finitimis</strong></span> <span class='ocrx_word' id='word_1_224' title='bbox 2611 3434 2804 3501; x_wconf 85' lang='lat' dir='ltr'><strong>varia</strong></span> 
     </span>
     <span class='ocr_line' id='line_1_29' title="bbox 666 3537 2805 3637; baseline 0 -28"><span class='ocrx_word' id='word_1_225' title='bbox 666 3537 840 3609; x_wconf 85' lang='lat' dir='ltr'><strong>bella</strong></span> <span class='ocrx_word' id='word_1_226' title='bbox 880 3556 1240 3633; x_wconf 84' lang='lat' dir='ltr'><strong>gesserunt.</strong></span> <span class='ocrx_word' id='word_1_227' title='bbox 1275 3541 1381 3610; x_wconf 88' lang='lat' dir='ltr'><strong>Ibi</strong></span> <span class='ocrx_word' id='word_1_228' title='bbox 1417 3566 1623 3636; x_wconf 89' lang='lat' dir='ltr'><strong>quum</strong></span> <span class='ocrx_word' id='word_1_229' title='bbox 1659 3567 1820 3637; x_wconf 86' lang='lat' dir='ltr'><strong>gens</strong></span> <span class='ocrx_word' id='word_1_230' title='bbox 1856 3564 2121 3637; x_wconf 87' lang='lat' dir='ltr'><strong>aspera,</strong></span> <span class='ocrx_word' id='word_1_231' title='bbox 2162 3539 2415 3629; x_wconf 81' lang='lat' dir='ltr'><strong>audax,</strong></span> <span class='ocrx_word' id='word_1_232' title='bbox 2453 3537 2805 3624; x_wconf 83' lang='lat' dir='ltr'><strong>bellicosa,</strong></span> 
     </span>
     <span class='ocr_line' id='line_1_30' title="bbox 662 3641 2803 3736; baseline 0 -21"><span class='ocrx_word' id='word_1_233' title='bbox 662 3670 945 3716; x_wconf 88' lang='lat' dir='ltr'><strong>numero</strong></span> <span class='ocrx_word' id='word_1_234' title='bbox 984 3662 1054 3716; x_wconf 89' lang='lat' dir='ltr'><strong>et</strong></span> <span class='ocrx_word' id='word_1_235' title='bbox 1082 3648 1351 3718; x_wconf 84' lang='lat' dir='ltr'><strong>fortuna</strong></span> <span class='ocrx_word' id='word_1_236' title='bbox 1384 3650 1732 3736; x_wconf 81' lang='lat' dir='ltr'><strong>crevisset,</strong></span> <span class='ocrx_word' id='word_1_237' title='bbox 1756 3672 2003 3718; x_wconf 88' lang='lat' dir='ltr'><strong>novam</strong></span> <span class='ocrx_word' id='word_1_238' title='bbox 2038 3645 2253 3716; x_wconf 83' lang='lat' dir='ltr'><strong>laudis</strong></span> <span class='ocrx_word' id='word_1_239' title='bbox 2278 3641 2623 3717; x_wconf 88' lang='lat' dir='ltr'><strong>materiem</strong></span> <span class='ocrx_word' id='word_1_240' title='bbox 2648 3670 2803 3716; x_wconf 86' lang='lat' dir='ltr'><strong>am·</strong></span> 
     </span>
     <span class='ocr_line' id='line_1_31' title="bbox 656 3701 2800 3849; baseline 0.001 -29"><span class='ocrx_word' id='word_1_241' title='bbox 656 3752 1037 3847; x_wconf 83' lang='lat' dir='ltr'><strong>plioresque</strong></span> <span class='ocrx_word' id='word_1_242' title='bbox 1065 3779 1225 3849; x_wconf 85' lang='lat' dir='ltr'><strong>opes</strong></span> <span class='ocrx_word' id='word_1_243' title='bbox 1248 3756 1565 3849; x_wconf 85' lang='lat' dir='ltr'><strong>quaesivit.</strong></span> <span class='ocrx_word' id='word_1_244' title='bbox 1593 3701 1836 3843; x_wconf 80' lang='lat' dir='ltr'><strong>Petita,</strong></span> <span class='ocrx_word' id='word_1_245' title='bbox 1864 3751 2229 3825; x_wconf 85' lang='lat' dir='ltr'><strong>Cambaule</strong></span> <span class='ocrx_word' id='word_1_246' title='bbox 2254 3752 2455 3842; x_wconf 89' lang='lat' dir='ltr'><strong>duce,</strong></span> <span class='ocrx_word' id='word_1_247' title='bbox 2480 3753 2800 3840; x_wconf 77' lang='lat' dir='ltr'><strong>Thracia,</strong></span> 
     </span>
     <span class='ocr_line' id='line_1_32' title="bbox 655 3855 2796 3956; baseline 0 -28"><span class='ocrx_word' id='word_1_248' title='bbox 655 3855 734 3928; x_wconf 82' lang='lat' dir='ltr'><strong>Ia</strong></span> <span class='ocrx_word' id='word_1_249' title='bbox 774 3863 1150 3946; x_wconf 47' lang='lat' dir='ltr'><strong>Romani&amp;</strong></span> <span class='ocrx_word' id='word_1_250' title='bbox 1185 3885 1393 3956; x_wconf 86' lang='lat' dir='ltr'><strong>eaque</strong></span> <span class='ocrx_word' id='word_1_251' title='bbox 1447 3875 1739 3949; x_wconf 85' lang='lat' dir='ltr'><strong>vastata,</strong></span> <span class='ocrx_word' id='word_1_252' title='bbox 1778 3858 1956 3931; x_wconf 87' lang='lat' dir='ltr'><strong>Galli</strong></span> <span class='ocrx_word' id='word_1_253' title='bbox 1992 3858 2216 3956; x_wconf 83' lang='lat' dir='ltr'><strong>spoliis</strong></span> <span class='ocrx_word' id='word_1_254' title='bbox 2263 3861 2514 3947; x_wconf 87' lang='lat' dir='ltr'><strong>onusti,</strong></span> <span class='ocrx_word' id='word_1_255' title='bbox 2540 3861 2796 3929; x_wconf 86' lang='lat' dir='ltr'><strong>Panno-</strong></span> 
     </span>
     <span class='ocr_line' id='line_1_33' title="bbox 653 3966 2789 4064; baseline 0.001 -31"><span class='ocrx_word' id='word_1_256' title='bbox 653 3966 832 4034; x_wconf 91' lang='lat' dir='ltr'><strong>niam</strong></span> <span class='ocrx_word' id='word_1_257' title='bbox 865 3968 1243 4062; x_wconf 84' lang='lat' dir='ltr'><strong>vicinasque</strong></span> <span class='ocrx_word' id='word_1_258' title='bbox 1279 3967 1466 4038; x_wconf 89' lang='lat' dir='ltr'><strong>sedes</strong></span> <span class='ocrx_word' id='word_1_259' title='bbox 1504 3968 1888 4064; x_wconf 85' lang='lat' dir='ltr'><strong>repetivere.</strong></span> <span class='ocrx_word' id='word_1_260' title='bbox 1924 3967 2315 4053; x_wconf 84' lang='lat' dir='ltr'><strong>Pausanias,</strong></span> <span class='ocrx_word' id='word_1_261' title='bbox 2347 3969 2419 4034; x_wconf 87' lang='lat' dir='ltr'><strong>in</strong></span> <span class='ocrx_word' id='word_1_262' title='bbox 2448 3966 2789 4049; x_wconf 84' lang='lat' dir='ltr'><strong>Phocicis‚</strong></span> 
     </span>
     <span class='ocr_line' id='line_1_34' title="bbox 647 4068 1319 4170; baseline 0.005 -30"><span class='ocrx_word' id='word_1_263' title='bbox 647 4068 759 4141; x_wconf 82' lang='lat' dir='ltr'><strong>lib.</strong></span> <span class='ocrx_word' id='word_1_264' title='bbox 805 4075 870 4141; x_wconf 91' lang='lat' dir='ltr'><strong>X</strong></span> <span class='ocrx_word' id='word_1_265' title='bbox 891 4127 912 4162; x_wconf 91' lang='lat'><strong>,</strong></span> <span class='ocrx_word' id='word_1_266' title='bbox 954 4100 1018 4170; x_wconf 88' lang='lat' dir='ltr'><strong>p.</strong></span> <span class='ocrx_word' id='word_1_267' title='bbox 1069 4073 1164 4161; x_wconf 73' lang='grc'><strong>84</strong></span> <span class='ocrx_word' id='word_1_268' title='bbox 1176 4071 1319 4145; x_wconf 87' lang='grc'><strong>3.</strong></span> 
     </span>
    </p>

    <p class='ocr_par' dir='ltr' id='par_1_4' title="bbox 762 4176 2788 4277">
     <span class='ocr_line' id='line_1_35' title="bbox 762 4176 2788 4277; baseline -0.001 -28"><span class='ocrx_word' id='word_1_269' title='bbox 762 4194 797 4229; x_wconf 72' lang='lat'><strong>&lt;1</strong></span> <span class='ocrx_word' id='word_1_270' title='bbox 824 4181 971 4250; x_wconf 84' lang='lat' dir='ltr'><strong>Nec</strong></span> <span class='ocrx_word' id='word_1_271' title='bbox 995 4180 1314 4251; x_wconf 84' lang='lat' dir='ltr'><strong>diuturna</strong></span> <span class='ocrx_word' id='word_1_272' title='bbox 1336 4181 1460 4253; x_wconf 86' lang='lat' dir='ltr'><strong>fuit</strong></span> <span class='ocrx_word' id='word_1_273' title='bbox 1477 4183 1664 4277; x_wconf 87' lang='lat' dir='ltr'><strong>quies</strong></span> <span class='ocrx_word' id='word_1_274' title='bbox 1677 4184 2085 4277; x_wconf 87' lang='lat' dir='ltr'><strong>;·iterumque</strong></span> <span class='ocrx_word' id='word_1_275' title='bbox 2102 4177 2605 4250; x_wconf 76' lang='lat' dir='ltr'><strong>recrudescente</strong></span> <span class='ocrx_word' id='word_1_276' title='bbox 2628 4176 2788 4248; x_wconf 83' lang='lat' dir='ltr'><strong>belli</strong></span> 
     </span>
    </p>
   </div>
  </div>
 </body>
</html>
