3111 5147
785 546 923 617 188
1086 548 1162 615 C.
1216 545 1492 613 JULII
1549 544 2005 614 CAESARIS
2059 542 2601 612 COMMENT.

769 677 1046 815 pedibus
1099 677 1342 772 dispari
1385 661 1661 771 praelio³
1719 674 2210 743 contenderent.
2265 676 2605 769 Equestris
2665 689 2885 746 autem

771 770 1009 877 praelii⁴
1023 785 1191 852 ratio
1221 799 1289 852 et
1324 782 1706 851 cedentibus
1733 796 1801 850 et
1827 782 2315 875 insequentibus
2339 805 2461 875 par
2486 795 2685 875 atque
2713 782 2883 851 idem

768 887 1133 984 periculum
1177 889 1515 958 inferebat.
1561 887 1935 958 Accedebat
1974 888 2140 976 huc,
2183 902 2260 956 ut
2312 911 2674 982 numquam
2730 913 2883 957 con-

770 994 920 1064 ferti
943 1050 962 1084 ,
1007 995 1120 1066 sed
1152 997 1283 1063 rari
1326 996 1710 1091 magnisque
1752 992 2105 1063 intervallis
2148 992 2630 1089 praeliarentur,
2661 996 2882 1063 statio·

771 1115 1016 1195 n'esque
1050 1101 1394 1196 dispositas
1430 1102 1784 1189 haberent,
1812 1115 2008 1195 atque
2048 1099 2208 1169 alios
2236 1097 2343 1168 alii
2378 1099 2686 1194 deinceps
2715 1102 2882 1169 exci-

770 1222 1005 1300 perent
1019 1261 1039 1295 ,
1077 1209 1441 1302 integrique
1481 1222 1548 1276 et
1583 1221 1878 1276 recentes
1913 1206 2280 1301 defatigatis
2323 1205 2772 1276 succederent.

876 1316 1095 1383 XVII.
1131 1315 1403 1383 Postero
1436 1314 1578 1403 die,
1621 1311 1851 1409 procul
1895 1338 1936 1382 a
1977 1314 2204 1383 castris
2243 1313 2467 1381 hostes
2506 1314 2574 1379 in
2611 1310 2884 1381 collibus

770 1422 1205 1490 constiterunt
1219 1475 1239 1509 ,
1274 1422 1533 1516 rarique
1571 1446 1639 1490 se
1680 1419 2057 1508 ostendere,
2084 1434 2152 1488 et
2179 1417 2385 1488 lenius
2402 1418 2419 1443 ¹
2449 1442 2649 1513 quam
2679 1419 2882 1513 pridie

769 1540 1030 1595 nostros
1083 1529 1332 1622 equites
1374 1527 1600 1623 praelio
1643 1525 1958 1598 lacessere
2002 1539 2361 1622 coeperunt.
2409 1524 2540 1594 Sed
2582 1523 2880 1614 meridie,

769 1656 974 1726 quum
1011 1636 1234 1704 Caesar
1269 1633 1626 1730 pabulandi
1662 1658 1857 1703 causa
1894 1648 2028 1702 tres
2068 1631 2355 1727 legiones
2392 1645 2587 1725 atque
2622 1656 2881 1700 omnem

769 1741 1130 1833 equitatum
1176 1766 1331 1810 cum
1380 1743 1457 1809 C.
1494 1740 1824 1809 Trebonio
1869 1737 2119 1833 legato'
2163 1739 2472 1826 misisset,
2507 1752 2779 1833 repente
2804 1762 2878 1806 ex

770 1846 1075 1975 omnib3us
1104 1847 1399 1940 partibus
1428 1846 1512 1914 ad
1543 1845 1960 1941 pabulatores
1993 1843 2499 1934 advolaverunt,
2529 1846 2655 1930 sic,
2682 1846 2779 1913 uti
2802 1843 2880 1911 ab

770 1936 1005 2044 signis³
1050 1950 1540 2047 legionibusque
1592 1976 1728 2021 non
1780 1952 2183 2020 absisterent.
2236 1952 2497 2040 Nostri,
2541 1951 2781 2020 acriter
2818 1951 2880 2018 in

769 2079 884 2125 eos
917 2057 1166 2152 impetu
1201 2059 1375 2128 facto
1391 2056 1847 2154 ‚3repulerunt
1873 2083 2085 2152 neque
2127 2058 2328 2126 finem
2364 2057 2675 2151 sequendi
2720 2057 2880 2127 fece·

769 2178 961 2268 runt,
993 2153 1247 2259 quoad⁴
1272 2165 1560 2235 subsidio
1595 2165 1824 2235 confisi
1863 2167 2144 2260 equites,
2170 2189 2375 2257 quum
2412 2178 2564 2257 post
2589 2188 2660 2232 se
2689 2161 2881 2259 legio-

770 2294 886 2339 nes
910 2270 1209 2340 viderent
1222 2275 1636 2368 ,praecipites
1664 2271 1885 2340 hostes
1912 2284 2228 2366 egerunt:
2254 2294 2625 2386 magnoque
2658 2294 2879 2339 eorum

772 2401 1048 2446 numero
1074 2379 1420 2448 interfecto
1435 2431 1454 2465 ,
1478 2402 1691 2473 neque
1716 2380 1814 2446 sui
1842 2376 2221 2474 colligendi,
2239 2379 2450 2470 neque
2469 2376 2881 2463 consistendi,

772 2496 885 2549 aut
926 2507 1005 2550 ex
1035 2484 1274 2552 essedis
1301 2483 1638 2553 desiliendi
1663 2483 2041 2554 facultatem
2074 2483 2413 2553 dederunt.
2445 2485 2550 2552 Ex
2579 2483 2703 2551 hac
2730 2482 2885 2577 fuga

771 2590 1105 2682 protinuS,
1135 2615 1280 2683 quae
1311 2590 1598 2685 undique
1626 2605 2103 2681 convenerant,
2140 2589 2376 2661 auxilia
2408 2590 2879 2660 discesserunt:

853 2818 904 2871 3.
926 2817 1318 2890 Dae’spariproelio.
1335 2818 1582 2883 Proelium
1594 2830 1670 2871 est
1686 2817 1790 2872 dis·

768 2914 889 2969 par,
934 2898 1146 2970 quando
1186 2897 1347 2972 pedes
1384 2898 1622 2970 confligit
1665 2918 1786 2951 cum

770 2978 976 3049 equite;
1020 2978 1166 3049 quod
1203 2998 1366 3050 genus
1413 2997 1604 3051 pugna
1650 2998 1788 3051 sepe

769 3058 957 3128 sapius
980 3057 1149 3129 pediti
1173 3060 1358 3113 melius
1374 3057 1607 3112 succedit
1627 3077 1787 3131 quam

768 3136 951 3208 equiti.

1873 2816 1943 2871 do
1987 2816 2045 2872 id
2081 2815 2356 2883 acciderit,
2378 2830 2431 2870 et
2469 2816 2881 2889 procedentibus

1871 2911 1925 2952 et
1946 2899 2286 2970 sequentibus
2310 2897 2552 2969 explicat.

1951 2980 2078 3032 Cn».
2097 2976 2272 3031 XVII.
2292 2974 2341 3031 ι’.
2357 2979 2548 3030 Lenius.
2568 2976 2675 3030 Alii
2702 2978 2879 3029 ἱωεὶω.

1871 3056 2121 3111 Ὺίἱνίἀὶοι·
2140 3071 2320 3110 nostra
2340 3069 2481 3110 certe
2502 3058 2680 3110 lectio.
2693 3058 2878 3117 Laius,

1871 3139 2077 3192 minore
2118 3137 2310 3191 studio.
2355 3135 2515 3189 Unde
2554 3138 2673 3189 lenis
2702 3138 2881 3208 fluvius

851 3222 904 3279 4.
916 3218 1167 3288 Equestris
1178 3221 1341 3289 proelii
1358 3224 1498 3271 ratio.
1512 3219 1668 3272 Ratio
1681 3238 1787 3290 qua

768 3298 969 3368 equites
987 3315 1108 3349 cum
1128 3300 1391 3369 equitibus
1410 3311 1664 3369 pugnant.
1680 3300 1790 3370 Op-

769 3375 989 3447 ponitur
1005 3376 1190 3448 dispari
1210 3379 1399 3449 proeltb.
1430 3404 1452 3425 ι
1475 3378 1695 3444 Nescio,
1715 3379 1787 3431 ait

770 3454 1078 3521 Goduinus,
1095 3454 1163 3509 de
1184 3458 1316 3511 utris
1338 3455 1509 3522 dicat,
1536 3458 1788 3511 Romanis

770 3553 837 3587 nn
873 3536 1067 3600 Gallis,
1093 3554 1159 3587 an
1202 3534 1269 3589 de
1313 3537 1586 3607 utrisque:
1612 3550 1785 3590 tamen

769 3613 838 3668 de
881 3616 1130 3668 Romanis
1183 3616 1453 3687 intelligit3
1483 3615 1577 3668 sed
1629 3618 1787 3688 paulo

769 3695 1128 3748 obscurior-est
1139 3697 1324 3749 oratio.
1336 3696 1574 3750 Fortasse
1588 3695 1787 3768 aliquid

769 3776 1068 3828 mutilatum
1090 3788 1168 3829 est
1184 3795 1214 3829 a
1236 3776 1481 3831 librariis.
1504 3802 1527 3824 ι
1550 3777 1699 3829 Nihil
1729 3777 1783 3831 h.

771 3855 806 3908 l.
833 3857 1130 3909 mutilatum
1154 3855 1382 3911 videtur.
1404 3857 1546 3911 Dicit
1563 3856 1784 3909 modum

770 3937 1024 4006 equeeoeis
1063 3937 1231 4008 praelii
1245 3975 1262 4003 ,
1287 3936 1345 3990 id
1385 3950 1463 3992 est
1476 3975 1494 4003 ,
1523 3938 1784 3990 rationem

770 4018 1785 4167 Saffiffissfflrfflffi:

770 4192 861 4225 eeu
888 4175 926 4226 ii
945 4172 1191 4235 (Barbari
1220 4175 1365 4243 scil.)
1391 4174 1666 4242 cederent,
1692 4194 1784 4229 sen

771 4252 1200 4323 insequerentur3
1224 4267 1278 4309 et
1305 4275 1431 4322 cur,
1459 4274 1632 4328 quove
1667 4273 1783 4309 mo-

1870 3220 2061 3289 passim
2113 3218 2405 3289 opponitur
2455 3217 2622 3288 rapido
2667 3220 2881 3268 eor-renti.

1872 3297 2186 3351 Noster-cod.
2205 3298 2377 3368 5763,
2391 3296 2645 3358 leniamitn
2663 3307 2717 3346 et
2738 3296 2883 3347 Bon-

1870 3395 2002 3448 gars.
2018 3378 2196 3430 Petav.
2209 3378 2340 3429 Lov.
2353 3375 2590 3430 vomani
2601 3385 2654 3426 et
2672 3374 2885 3445 optimi·

1956 3476 2006 3510 α.
2048 3457 2169 3509 Cum
2219 3456 2277 3509 C.
2329 3456 2556 3509 Trebonio
2605 3454 2784 3524 legato.
2832 3455 2887 3507 Is

1872 3537 2069 3589 amicus
2099 3536 2315 3591 cesaris
2344 3549 2397 3589 et
2437 3537 2665 3607 legatus,
2702 3534 2885 3587 consul

1870 3629 2049 3688 postea
2062 3617 2337 3670 trimestris
2347 3614 2604 3668 beneficio
2620 3612 2883 3686 ejusdem3

1872 3708 2046 3750 tamen
2081 3697 2183 3749 fuit
2212 3716 2347 3749 unus
2370 3713 2433 3747 ex
2462 3693 2884 3747 interfectoribus

1871 3777 2015 3847 ejun3
2045 3775 2334 3848 eodemque
2373 3793 2547 3839 anno,
2572 3792 2682 3845 quo
2714 3774 2885 3827 Cam

1871 3873 2032 3908 casus
2055 3868 2161 3922 eet,
2184 3856 2422 3927 Smyrna
2446 3875 2477 3908 a
2500 3853 2771 3907 Dolabella
2786 3852 2883 3905 fuit

1870 3954 2088 3990 occisus.

1954 4015 2005 4069 3.
2041 4017 2129 4069 Uei
2152 4016 2214 4067 ab
2242 4019 2395 4085 ‘ignit
2423 4013 2775 4084 legionibusque
2793 4030 2887 4063 non

1869 4094 2161 4149 absisterent.
2191 4096 2287 4148 Uti
2318 4095 2477 4165 signis
2506 4105 2559 4145 et
2596 4092 2886 4164 legionibus

1870 4175 2169 4229 insisterent
2183 4213 2200 4240 ,
2224 4192 2394 4247 prope
2416 4184 2631 4226 stu-eut.

1952 4261 2007 4319 4.
2040 4255 2233 4325 Quoad.
2262 4253 2328 4307 Id
2350 4266 2458 4317 est,
2488 4250 2674 4306 donec.
