<?xml version="1.0" encoding="UTF-8"?>
<!DOCTYPE html PUBLIC "-//W3C//DTD XHTML 1.0 Transitional//EN"
    "http://www.w3.org/TR/xhtml1/DTD/xhtml1-transitional.dtd">
<html xmlns="http://www.w3.org/1999/xhtml" xml:lang="en" lang="en">
 <head>
  <title>
</title>
<meta http-equiv="Content-Type" content="text/html;charset=utf-8" />
  <meta name='ocr-system' content='tesseract 3.04.00' />
  <meta name='ocr-capabilities' content='ocr_page ocr_carea ocr_par ocr_line ocrx_word'/>
</head>
<body>
  <div class='ocr_page' id='page_1' title='image "./caesaradbodices00caesgoog_0427.png"; bbox 0 0 3111 5147; ppageno 0'>
   <div class='ocr_carea' id='block_1_1' title="bbox 9 0 3102 30">
    <p class='ocr_par' dir='ltr' id='par_1_1' title="bbox 9 0 3102 30">
     <span class='ocr_line' id='line_1_1' title="bbox 9 0 3102 30; baseline 0 5117"><span class='ocrx_word' id='word_1_1' title='bbox 9 0 3102 30; x_wconf 95' lang='lat' dir='ltr'><strong> </strong></span> 
     </span>
    </p>
   </div>
   <div class='ocr_carea' id='block_1_2' title="bbox 524 603 2365 704">
    <p class='ocr_par' dir='ltr' id='par_1_2' title="bbox 524 603 2365 704">
     <span class='ocr_line' id='line_1_2' title="bbox 524 603 2365 704; baseline 0.005 -33"><span class='ocrx_word' id='word_1_2' title='bbox 524 603 661 671; x_wconf 88' lang='lat' dir='ltr'><strong>DE</strong></span> <span class='ocrx_word' id='word_1_3' title='bbox 715 604 1061 673; x_wconf 89' lang='lat' dir='ltr'><strong>BELLO</strong></span> <span class='ocrx_word' id='word_1_4' title='bbox 1118 605 1611 675; x_wconf 87' lang='lat' dir='ltr'><strong>GALLICO.</strong></span> <span class='ocrx_word' id='word_1_5' title='bbox 1669 608 1857 677; x_wconf 90' lang='lat' dir='ltr'><strong>LIB.</strong></span> <span class='ocrx_word' id='word_1_6' title='bbox 1915 609 2099 677; x_wconf 88' lang='lat' dir='ltr'><strong>VII.</strong></span> <span class='ocrx_word' id='word_1_7' title='bbox 2214 605 2365 704; x_wconf 84' lang='lat'><strong>389</strong></span> 
     </span>
    </p>
   </div>
   <div class='ocr_carea' id='block_1_3' title="bbox 223 730 2373 2212">
    <p class='ocr_par' dir='ltr' id='par_1_3' title="bbox 223 730 2369 1677">
     <span class='ocr_line' id='line_1_3' title="bbox 223 730 2364 836; baseline 0.004 -35"><span class='ocrx_word' id='word_1_8' title='bbox 223 730 582 802; x_wconf 82' lang='lat' dir='ltr'><strong>sillaunum</strong></span> <span class='ocrx_word' id='word_1_9' title='bbox 636 736 1011 805; x_wconf 82' lang='lat' dir='ltr'><strong>Arvernum</strong></span> <span class='ocrx_word' id='word_1_10' title='bbox 1043 788 1062 822; x_wconf 87' lang='lat'>‚</span> <span class='ocrx_word' id='word_1_11' title='bbox 1105 760 1315 804; x_wconf 91' lang='lat' dir='ltr'><strong>unum</strong></span> <span class='ocrx_word' id='word_1_12' title='bbox 1366 761 1449 805; x_wconf 83' lang='lat' dir='ltr'><strong>ex</strong></span> <span class='ocrx_word' id='word_1_13' title='bbox 1498 751 1786 831; x_wconf 85' lang='lat' dir='ltr'><strong>quatuor</strong></span> <span class='ocrx_word' id='word_1_14' title='bbox 1837 738 2116 809; x_wconf 89' lang='lat' dir='ltr'><strong>ducibus</strong></span> <span class='ocrx_word' id='word_1_15' title='bbox 2141 794 2161 830; x_wconf 87' lang='lat'>‚</span> <span class='ocrx_word' id='word_1_16' title='bbox 2210 766 2364 836; x_wconf 87' lang='lat' dir='ltr'><strong>pro-</strong></span> 
     </span>
     <span class='ocr_line' id='line_1_4' title="bbox 224 840 2369 941; baseline 0.005 -36"><span class='ocrx_word' id='word_1_17' title='bbox 224 840 557 934; x_wconf 88' lang='lat' dir='ltr'><strong>pinquum</strong></span> <span class='ocrx_word' id='word_1_18' title='bbox 592 842 1183 936; x_wconf 75' lang='lat' dir='ltr'><strong>VercingetorigiS‚</strong></span> <span class='ocrx_word' id='word_1_19' title='bbox 1215 841 1601 936; x_wconf 83' lang='lat' dir='ltr'><strong>praeficiunt.</strong></span> <span class='ocrx_word' id='word_1_20' title='bbox 1630 842 1751 912; x_wconf 87' lang='lat' dir='ltr'><strong>Ille</strong></span> <span class='ocrx_word' id='word_1_21' title='bbox 1778 869 1859 914; x_wconf 79' lang='lat' dir='ltr'><strong>ex</strong></span> <span class='ocrx_word' id='word_1_22' title='bbox 1886 848 2114 915; x_wconf 85' lang='lat' dir='ltr'><strong>castris</strong></span> <span class='ocrx_word' id='word_1_23' title='bbox 2153 849 2369 941; x_wconf 85' lang='lat' dir='ltr'><strong>prima</strong></span> 
     </span>
     <span class='ocr_line' id='line_1_5' title="bbox 227 945 2367 1047; baseline 0.005 -36"><span class='ocrx_word' id='word_1_24' title='bbox 227 945 454 1040; x_wconf 84' lang='lat' dir='ltr'><strong>vigilia</strong></span> <span class='ocrx_word' id='word_1_25' title='bbox 497 971 796 1041; x_wconf 84' lang='lat' dir='ltr'><strong>egressus</strong></span> <span class='ocrx_word' id='word_1_26' title='bbox 816 1002 835 1035; x_wconf 88' lang='lat'>‚</span> <span class='ocrx_word' id='word_1_27' title='bbox 878 973 1087 1043; x_wconf 83' lang='lat' dir='ltr'>prope</span> <span class='ocrx_word' id='word_1_28' title='bbox 1128 947 1434 1018; x_wconf 85' lang='lat' dir='ltr'><strong>confecto</strong></span> <span class='ocrx_word' id='word_1_29' title='bbox 1476 949 1600 1017; x_wconf 88' lang='lat' dir='ltr'><strong>sub</strong></span> <span class='ocrx_word' id='word_1_30' title='bbox 1646 948 1861 1019; x_wconf 90' lang='lat' dir='ltr'><strong>lucem</strong></span> <span class='ocrx_word' id='word_1_31' title='bbox 1902 953 2172 1041; x_wconf 86' lang='lat' dir='ltr'><strong>itinere,</strong></span> <span class='ocrx_word' id='word_1_32' title='bbox 2215 946 2367 1047; x_wconf 83' lang='lat' dir='ltr'><strong>post</strong></span> 
     </span>
     <span class='ocr_line' id='line_1_6' title="bbox 225 1051 2367 1148; baseline 0.005 -30"><span class='ocrx_word' id='word_1_33' title='bbox 225 1067 530 1121; x_wconf 85' lang='lat' dir='ltr'><strong>montem</strong></span> <span class='ocrx_word' id='word_1_34' title='bbox 560 1079 629 1121; x_wconf 88' lang='lat' dir='ltr'><strong>se</strong></span> <span class='ocrx_word' id='word_1_35' title='bbox 661 1051 1022 1123; x_wconf 80' lang='lat' dir='ltr'><strong>occultavit</strong></span> <span class='ocrx_word' id='word_1_36' title='bbox 1040 1107 1060 1143; x_wconf 87' lang='lat'><strong>,</strong></span> <span class='ocrx_word' id='word_1_37' title='bbox 1095 1054 1459 1148; x_wconf 81' lang='lat' dir='ltr'><strong>militesque</strong></span> <span class='ocrx_word' id='word_1_38' title='bbox 1491 1080 1573 1124; x_wconf 85' lang='lat' dir='ltr'><strong>ex</strong></span> <span class='ocrx_word' id='word_1_39' title='bbox 1602 1071 1932 1126; x_wconf 89' lang='lat' dir='ltr'><strong>nocturno</strong></span> <span class='ocrx_word' id='word_1_40' title='bbox 1968 1056 2192 1128; x_wconf 80' lang='lat' dir='ltr'><strong>labore</strong></span> <span class='ocrx_word' id='word_1_41' title='bbox 2226 1083 2367 1128; x_wconf 87' lang='lat' dir='ltr'><strong>sese</strong></span> 
     </span>
     <span class='ocr_line' id='line_1_7' title="bbox 225 1157 2365 1257; baseline 0.003 -31"><span class='ocrx_word' id='word_1_42' title='bbox 225 1157 505 1227; x_wconf 86' lang='lat' dir='ltr'><strong>reficere</strong></span> <span class='ocrx_word' id='word_1_43' title='bbox 527 1159 736 1252; x_wconf 88' lang='lat' dir='ltr'><strong>jussit.</strong></span> <span class='ocrx_word' id='word_1_44' title='bbox 777 1162 1006 1249; x_wconf 88' lang='lat' dir='ltr'><strong>Quum</strong></span> <span class='ocrx_word' id='word_1_45' title='bbox 1035 1161 1174 1254; x_wconf 85' lang='lat' dir='ltr'><strong>jam</strong></span> <span class='ocrx_word' id='word_1_46' title='bbox 1217 1160 1518 1230; x_wconf 87' lang='lat' dir='ltr'><strong>meridies</strong></span> <span class='ocrx_word' id='word_1_47' title='bbox 1550 1164 2082 1257; x_wconf 82' lang='lat' dir='ltr'><strong>appropinquare</strong></span> <span class='ocrx_word' id='word_1_48' title='bbox 2111 1165 2365 1233; x_wconf 86' lang='lat' dir='ltr'><strong>videre·</strong></span> 
     </span>
     <span class='ocr_line' id='line_1_8' title="bbox 226 1265 2366 1361; baseline 0.003 -29"><span class='ocrx_word' id='word_1_49' title='bbox 226 1278 346 1332; x_wconf 88' lang='lat' dir='ltr'><strong>tur</strong></span> <span class='ocrx_word' id='word_1_50' title='bbox 372 1318 392 1354; x_wconf 87' lang='lat'>‚</span> <span class='ocrx_word' id='word_1_51' title='bbox 430 1265 512 1333; x_wconf 85' lang='lat' dir='ltr'><strong>ad</strong></span> <span class='ocrx_word' id='word_1_52' title='bbox 556 1290 631 1334; x_wconf 87' lang='lat' dir='ltr'><strong>ea</strong></span> <span class='ocrx_word' id='word_1_53' title='bbox 673 1281 887 1336; x_wconf 81' lang='lat' dir='ltr'><strong>castra</strong></span> <span class='ocrx_word' id='word_1_54' title='bbox 908 1320 928 1356; x_wconf 88' lang='lat'>‚</span> <span class='ocrx_word' id='word_1_55' title='bbox 971 1291 1117 1360; x_wconf 85' lang='lat' dir='ltr'><strong>quae</strong></span> <span class='ocrx_word' id='word_1_56' title='bbox 1153 1291 1353 1361; x_wconf 88' lang='lat' dir='ltr'><strong>supra</strong></span> <span class='ocrx_word' id='word_1_57' title='bbox 1395 1267 1991 1338; x_wconf 85' lang='lat' dir='ltr'><strong>demonstravimus</strong></span> <span class='ocrx_word' id='word_1_58' title='bbox 2009 1269 2057 1357; x_wconf 87' lang='lat'><strong>⁷,</strong></span> <span class='ocrx_word' id='word_1_59' title='bbox 2094 1284 2366 1339; x_wconf 88' lang='lat' dir='ltr'><strong>conten·</strong></span> 
     </span>
     <span class='ocr_line' id='line_1_9' title="bbox 227 1368 2366 1469; baseline 0.003 -31"><span class='ocrx_word' id='word_1_60' title='bbox 227 1368 363 1438; x_wconf 82' lang='lat' dir='ltr'><strong>dit:</strong></span> <span class='ocrx_word' id='word_1_61' title='bbox 385 1370 745 1466; x_wconf 86' lang='lat' dir='ltr'><strong>eodemque</strong></span> <span class='ocrx_word' id='word_1_62' title='bbox 764 1388 1063 1467; x_wconf 88' lang='lat' dir='ltr'><strong>tempore</strong></span> <span class='ocrx_word' id='word_1_63' title='bbox 1084 1375 1412 1466; x_wconf 70' lang='lat' dir='ltr'><strong>equitatus</strong></span> <span class='ocrx_word' id='word_1_64' title='bbox 1434 1373 1518 1442; x_wconf 81' lang='lat' dir='ltr'><strong>ad</strong></span> <span class='ocrx_word' id='word_1_65' title='bbox 1541 1389 1943 1469; x_wconf 83' lang='lat' dir='ltr'><strong>campestres</strong></span> <span class='ocrx_word' id='word_1_66' title='bbox 1970 1378 2366 1446; x_wconf 84' lang='lat' dir='ltr'><strong>munitiones</strong></span> 
     </span>
     <span class='ocr_line' id='line_1_10' title="bbox 227 1476 2367 1575; baseline 0.003 -31"><span class='ocrx_word' id='word_1_67' title='bbox 227 1476 549 1547; x_wconf 85' lang='lat' dir='ltr'><strong>accedere</strong></span> <span class='ocrx_word' id='word_1_68' title='bbox 575 1530 595 1566; x_wconf 91' lang='lat'><strong>,</strong></span> <span class='ocrx_word' id='word_1_69' title='bbox 647 1493 715 1547; x_wconf 88' lang='lat' dir='ltr'><strong>et</strong></span> <span class='ocrx_word' id='word_1_70' title='bbox 771 1478 1034 1573; x_wconf 64' lang='lat' dir='ltr'><strong>reliquae</strong></span> <span class='ocrx_word' id='word_1_71' title='bbox 1089 1481 1296 1575; x_wconf 82' lang='lat' dir='ltr'><strong>copiae</strong></span> <span class='ocrx_word' id='word_1_72' title='bbox 1353 1504 1493 1549; x_wconf 90' lang='lat' dir='ltr'><strong>sese</strong></span> <span class='ocrx_word' id='word_1_73' title='bbox 1547 1505 1674 1575; x_wconf 88' lang='lat' dir='ltr'><strong>pro</strong></span> <span class='ocrx_word' id='word_1_74' title='bbox 1736 1483 1965 1550; x_wconf 85' lang='lat' dir='ltr'><strong>castris</strong></span> <span class='ocrx_word' id='word_1_75' title='bbox 2020 1482 2367 1552; x_wconf 81' lang='lat' dir='ltr'><strong>ostendere</strong></span> 
     </span>
     <span class='ocr_line' id='line_1_11' title="bbox 225 1598 595 1677; baseline 0.003 -26"><span class='ocrx_word' id='word_1_76' title='bbox 225 1598 595 1677; x_wconf 83' lang='lat' dir='ltr'><strong>eoeperunt.</strong></span> 
     </span>
    </p>

    <p class='ocr_par' dir='ltr' id='par_1_4' title="bbox 226 1687 2373 2212">
     <span class='ocr_line' id='line_1_12' title="bbox 340 1687 2373 1790; baseline 0.002 -32"><span class='ocrx_word' id='word_1_77' title='bbox 340 1692 722 1760; x_wconf 87' lang='lat' dir='ltr'><strong>LXXXIV.</strong></span> <span class='ocrx_word' id='word_1_78' title='bbox 778 1687 1280 1785; x_wconf 73' lang='lat' dir='ltr'><strong>vercingetorix</strong></span> <span class='ocrx_word' id='word_1_79' title='bbox 1322 1717 1404 1760; x_wconf 84' lang='lat' dir='ltr'><strong>ex</strong></span> <span class='ocrx_word' id='word_1_80' title='bbox 1446 1715 1598 1761; x_wconf 85' lang='lat' dir='ltr'><strong>arce</strong></span> <span class='ocrx_word' id='word_1_81' title='bbox 1636 1690 1866 1762; x_wconf 78' lang='lat' dir='ltr'><strong>Alesiae</strong></span> <span class='ocrx_word' id='word_1_82' title='bbox 1905 1718 2059 1762; x_wconf 87' lang='lat' dir='ltr'><strong>suos</strong></span> <span class='ocrx_word' id='word_1_83' title='bbox 2102 1697 2373 1790; x_wconf 83' lang='lat' dir='ltr'><strong>conspi·&#39;</strong></span> 
     </span>
     <span class='ocr_line' id='line_1_13' title="bbox 228 1796 2360 1933; baseline 0.003 -69"><span class='ocrx_word' id='word_1_84' title='bbox 228 1808 419 1864; x_wconf 82' lang='lat' dir='ltr'><strong>catus</strong></span> <span class='ocrx_word' id='word_1_85' title='bbox 439 1850 458 1884; x_wconf 85' lang='lat'>‚</span> <span class='ocrx_word' id='word_1_86' title='bbox 488 1822 568 1864; x_wconf 81' lang='lat' dir='ltr'><strong>ex</strong></span> <span class='ocrx_word' id='word_1_87' title='bbox 605 1796 852 1933; x_wconf 81' lang='lat' dir='ltr'><strong>oppido</strong></span> <span class='ocrx_word' id='word_1_88' title='bbox 885 1798 1262 1892; x_wconf 80' lang='lat' dir='ltr'><strong>egreditur3</strong></span> <span class='ocrx_word' id='word_1_89' title='bbox 1291 1822 1330 1867; x_wconf 83' lang='lat' dir='ltr'><strong>a</strong></span> <span class='ocrx_word' id='word_1_90' title='bbox 1364 1796 1629 1867; x_wconf 83' lang='lat' dir='ltr'><strong>castris¹</strong></span> <span class='ocrx_word' id='word_1_91' title='bbox 1669 1797 2006 1894; x_wconf 84' lang='lat' dir='ltr'><strong>longurios</strong></span> <span class='ocrx_word' id='word_1_92' title='bbox 2022 1798 2067 1887; x_wconf 85' lang='lat'><strong>²,</strong></span> <span class='ocrx_word' id='word_1_93' title='bbox 2096 1825 2360 1869; x_wconf 90' lang='lat' dir='ltr'><strong>muscu-</strong></span> 
     </span>
     <span class='ocr_line' id='line_1_14' title="bbox 227 1887 2363 2001; baseline 0.002 -32"><span class='ocrx_word' id='word_1_94' title='bbox 227 1900 332 1970; x_wconf 93' lang='lat' dir='ltr'><strong>los</strong></span> <span class='ocrx_word' id='word_1_95' title='bbox 350 1887 399 1990; x_wconf 84' lang='lat'><strong>³,</strong></span> <span class='ocrx_word' id='word_1_96' title='bbox 432 1901 632 1972; x_wconf 87' lang='lat' dir='ltr'><strong>falces</strong></span> <span class='ocrx_word' id='word_1_97' title='bbox 674 1956 692 1991; x_wconf 88' lang='lat'>‚</span> <span class='ocrx_word' id='word_1_98' title='bbox 719 1902 1096 1997; x_wconf 84' lang='lat' dir='ltr'><strong>reliquaque</strong></span> <span class='ocrx_word' id='word_1_99' title='bbox 1116 1958 1135 1992; x_wconf 87' lang='lat'>‚</span> <span class='ocrx_word' id='word_1_100' title='bbox 1165 1930 1310 1999; x_wconf 83' lang='lat' dir='ltr'><strong>quae</strong></span> <span class='ocrx_word' id='word_1_101' title='bbox 1347 1906 1711 1999; x_wconf 89' lang='lat' dir='ltr'><strong>eruptionis</strong></span> <span class='ocrx_word' id='word_1_102' title='bbox 1746 1929 1945 1974; x_wconf 82' lang='lat' dir='ltr'><strong>causa</strong></span> <span class='ocrx_word' id='word_1_103' title='bbox 1979 1921 2363 2001; x_wconf 82' lang='lat' dir='ltr'><strong>paraverat,</strong></span> 
     </span>
     <span class='ocr_line' id='line_1_15' title="bbox 226 2007 2364 2104; baseline 0.002 -28"><span class='ocrx_word' id='word_1_104' title='bbox 226 2007 505 2102; x_wconf 85' lang='lat' dir='ltr'><strong>profert.</strong></span> <span class='ocrx_word' id='word_1_105' title='bbox 559 2012 902 2103; x_wconf 84' lang='lat' dir='ltr'><strong>Pugnatur</strong></span> <span class='ocrx_word' id='word_1_106' title='bbox 952 2035 1090 2079; x_wconf 89' lang='lat' dir='ltr'><strong>uno</strong></span> <span class='ocrx_word' id='word_1_107' title='bbox 1153 2024 1451 2104; x_wconf 89' lang='lat' dir='ltr'><strong>tempore</strong></span> <span class='ocrx_word' id='word_1_108' title='bbox 1506 2011 1814 2079; x_wconf 84' lang='lat' dir='ltr'><strong>omnibus</strong></span> <span class='ocrx_word' id='word_1_109' title='bbox 1864 2009 2024 2080; x_wconf 89' lang='lat' dir='ltr'><strong>locis</strong></span> <span class='ocrx_word' id='word_1_110' title='bbox 2077 2015 2316 2081; x_wconf 84' lang='lat' dir='ltr'><strong>acriter</strong></span> <span class='ocrx_word' id='word_1_111' title='bbox 2344 2067 2364 2101; x_wconf 86' lang='lat'>‚</span> 
     </span>
     <span class='ocr_line' id='line_1_16' title="bbox 229 2104 2364 2212; baseline 0.002 -30"><span class='ocrx_word' id='word_1_112' title='bbox 229 2128 432 2209; x_wconf 84' lang='lat' dir='ltr'><strong>atque</strong></span> <span class='ocrx_word' id='word_1_113' title='bbox 471 2117 693 2185; x_wconf 87' lang='lat' dir='ltr'><strong>omnia</strong></span> <span class='ocrx_word' id='word_1_114' title='bbox 736 2128 1091 2186; x_wconf 80' lang='lat' dir='ltr'><strong>tentantur.</strong></span> <span class='ocrx_word' id='word_1_115' title='bbox 1123 2118 1278 2205; x_wconf 89' lang='lat' dir='ltr'><strong>Qua</strong></span> <span class='ocrx_word' id='word_1_116' title='bbox 1306 2118 1576 2186; x_wconf 88' lang='lat' dir='ltr'><strong>minime</strong></span> <span class='ocrx_word' id='word_1_117' title='bbox 1610 2119 1753 2185; x_wconf 86' lang='lat' dir='ltr'><strong>visa</strong></span> <span class='ocrx_word' id='word_1_118' title='bbox 1787 2141 1941 2212; x_wconf 85' lang='lat' dir='ltr'><strong>pars</strong></span> <span class='ocrx_word' id='word_1_119' title='bbox 1975 2117 2169 2187; x_wconf 87' lang='lat' dir='ltr'><strong>firma</strong></span> <span class='ocrx_word' id='word_1_120' title='bbox 2203 2133 2303 2188; x_wconf 81' lang='lat' dir='ltr'><strong>est</strong></span> <span class='ocrx_word' id='word_1_121' title='bbox 2315 2104 2364 2207; x_wconf 81' lang='lat'><strong>⁵,</strong></span> 
     </span>
    </p>
   </div>
   <div class='ocr_carea' id='block_1_4' title="bbox 229 2341 1253 2399">
    <p class='ocr_par' dir='ltr' id='par_1_5' title="bbox 229 2341 1253 2399">
     <span class='ocr_line' id='line_1_17' title="bbox 229 2341 1253 2399; baseline 0.004 -4"><span class='ocrx_word' id='word_1_122' title='bbox 229 2341 391 2396; x_wconf 81' lang='lat' dir='ltr'><strong>ridiei</strong></span> <span class='ocrx_word' id='word_1_123' title='bbox 415 2363 526 2397; x_wconf 77' lang='lat' dir='ltr'><strong>esse</strong></span> <span class='ocrx_word' id='word_1_124' title='bbox 547 2342 806 2398; x_wconf 79' lang='lat' dir='ltr'><strong>videatur.</strong></span> <span class='ocrx_word' id='word_1_125' title='bbox 822 2346 1078 2399; x_wconf 82' lang='lat' dir='ltr'><strong>Contorta</strong></span> <span class='ocrx_word' id='word_1_126' title='bbox 1093 2345 1253 2399; x_wconf 77' lang='lat' dir='ltr'><strong>nimis</strong></span> 
     </span>
    </p>
   </div>
   <div class='ocr_carea' id='block_1_5' title="bbox 229 2345 2355 2496">
    <p class='ocr_par' dir='ltr' id='par_1_6' title="bbox 229 2345 2355 2496">
     <span class='ocr_line' id='line_1_18' title="bbox 1341 2345 2355 2417; baseline -0.002 -17"><span class='ocrx_word' id='word_1_127' title='bbox 1341 2357 1627 2409; x_wconf 72' lang='lat' dir='ltr'><strong>vocantur,</strong></span> <span class='ocrx_word' id='word_1_128' title='bbox 1660 2346 1826 2417; x_wconf 78' lang='lat' dir='ltr'><strong>quibus</strong></span> <span class='ocrx_word' id='word_1_129' title='bbox 1851 2349 2059 2416; x_wconf 75' lang='lat' dir='ltr'><strong>protecti</strong></span> <span class='ocrx_word' id='word_1_130' title='bbox 2086 2345 2355 2409; x_wconf 76' lang='lat' dir='ltr'><strong>bellatores,</strong></span> 
     </span>
     <span class='ocr_line' id='line_1_19' title="bbox 229 2421 913 2496; baseline 0.001 -19"><span class='ocrx_word' id='word_1_131' title='bbox 229 2421 445 2477; x_wconf 78' lang='lat' dir='ltr'><strong>videtur</strong></span> <span class='ocrx_word' id='word_1_132' title='bbox 474 2427 587 2496; x_wconf 80' lang='lat' dir='ltr'><strong>ejus</strong></span> <span class='ocrx_word' id='word_1_133' title='bbox 617 2425 913 2496; x_wconf 78' lang='lat' dir='ltr'><strong>explicatio.</strong></span> 
     </span>
    </p>
   </div>
   <div class='ocr_carea' id='block_1_6' title="bbox 1342 2425 2360 2492">
    <p class='ocr_par' dir='ltr' id='par_1_7' title="bbox 1342 2425 2360 2492">
     <span class='ocr_line' id='line_1_20' title="bbox 1342 2425 2360 2492; baseline -0.002 -15"><span class='ocrx_word' id='word_1_134' title='bbox 1342 2429 1386 2478; x_wconf 79' lang='lat' dir='ltr'><strong>si</strong></span> <span class='ocrx_word' id='word_1_135' title='bbox 1411 2427 1561 2477; x_wconf 72' lang='lat' dir='ltr'><strong>lutum</strong></span> <span class='ocrx_word' id='word_1_136' title='bbox 1590 2425 1822 2492; x_wconf 78' lang='lat' dir='ltr'><strong>obfuerit,</strong></span> <span class='ocrx_word' id='word_1_137' title='bbox 1858 2436 1945 2477; x_wconf 79' lang='lat' dir='ltr'><strong>aut</strong></span> <span class='ocrx_word' id='word_1_138' title='bbox 1972 2426 2177 2478; x_wconf 72' lang='lat' dir='ltr'><strong>civitatis</strong></span> <span class='ocrx_word' id='word_1_139' title='bbox 2192 2427 2360 2492; x_wconf 81' lang='lat' dir='ltr'><strong>fossa-</strong></span> 
     </span>
    </p>
   </div>
   <div class='ocr_carea' id='block_1_7' title="bbox 233 2504 1266 4407">
    <p class='ocr_par' dir='ltr' id='par_1_8' title="bbox 233 2504 1252 2639">
     <span class='ocr_line' id='line_1_21' title="bbox 317 2504 1252 2576; baseline 0.003 -20"><span class='ocrx_word' id='word_1_140' title='bbox 317 2522 371 2575; x_wconf 85' lang='lat'><strong>7.</strong></span> <span class='ocrx_word' id='word_1_141' title='bbox 410 2505 536 2575; x_wconf 80' lang='lat' dir='ltr'><strong>Quoe</strong></span> <span class='ocrx_word' id='word_1_142' title='bbox 556 2524 702 2576; x_wconf 78' lang='lat' dir='ltr'><strong>supra</strong></span> <span class='ocrx_word' id='word_1_143' title='bbox 723 2505 1154 2559; x_wconf 72' lang='lat' dir='ltr'><strong>demonstravimus.</strong></span> <span class='ocrx_word' id='word_1_144' title='bbox 1170 2504 1252 2559; x_wconf 90' lang='lat' dir='ltr'><strong>Sc.</strong></span> 
     </span>
     <span class='ocr_line' id='line_1_22' title="bbox 233 2584 984 2639; baseline 0.004 -3"><span class='ocrx_word' id='word_1_145' title='bbox 233 2596 402 2637; x_wconf 76' lang='lat' dir='ltr'><strong>castra</strong></span> <span class='ocrx_word' id='word_1_146' title='bbox 431 2584 644 2637; x_wconf 73' lang='lat' dir='ltr'><strong>Antistii</strong></span> <span class='ocrx_word' id='word_1_147' title='bbox 675 2598 728 2637; x_wconf 86' lang='lat' dir='ltr'><strong>et</strong></span> <span class='ocrx_word' id='word_1_148' title='bbox 755 2585 984 2639; x_wconf 83' lang='lat' dir='ltr'><strong>Caninii.</strong></span> 
     </span>
    </p>

    <p class='ocr_par' dir='ltr' id='par_1_9' title="bbox 233 2664 1263 4091">
     <span class='ocr_line' id='line_1_23' title="bbox 316 2664 1256 2719; baseline 0.001 -4"><span class='ocrx_word' id='word_1_149' title='bbox 316 2664 444 2716; x_wconf 68' lang='lat' dir='ltr'><strong>CAP.</strong></span> <span class='ocrx_word' id='word_1_150' title='bbox 462 2664 765 2718; x_wconf 79' lang='lat' dir='ltr'><strong>LXXXIV.</strong></span> <span class='ocrx_word' id='word_1_151' title='bbox 794 2684 842 2719; x_wconf 88' lang='lat'><strong>1.</strong></span> <span class='ocrx_word' id='word_1_152' title='bbox 865 2666 922 2719; x_wconf 83' lang='lat' dir='ltr'><em>A</em></span> <span class='ocrx_word' id='word_1_153' title='bbox 938 2669 1125 2719; x_wconf 75' lang='lat' dir='ltr'><strong>castris.</strong></span> <span class='ocrx_word' id='word_1_154' title='bbox 1149 2665 1256 2718; x_wconf 87' lang='lat' dir='ltr'><strong>Co·</strong></span> 
     </span>
     <span class='ocr_line' id='line_1_24' title="bbox 233 2742 1258 2797; baseline 0.001 -1"><span class='ocrx_word' id='word_1_155' title='bbox 233 2742 380 2796; x_wconf 71' lang='lat' dir='ltr'><strong>dices</strong></span> <span class='ocrx_word' id='word_1_156' title='bbox 409 2762 593 2796; x_wconf 78' lang='lat' dir='ltr'><strong>omnes</strong></span> <span class='ocrx_word' id='word_1_157' title='bbox 622 2744 818 2797; x_wconf 81' lang='lat' dir='ltr'><strong>hahent</strong></span> <span class='ocrx_word' id='word_1_158' title='bbox 855 2765 886 2796; x_wconf 88' lang='lat' dir='ltr'><strong><em>a</em></strong></span> <span class='ocrx_word' id='word_1_159' title='bbox 922 2750 1091 2797; x_wconf 76' lang='lat' dir='ltr'><strong>eastris</strong></span> <span class='ocrx_word' id='word_1_160' title='bbox 1115 2746 1199 2797; x_wconf 80' lang='lat' dir='ltr'><strong>vel</strong></span> <span class='ocrx_word' id='word_1_161' title='bbox 1230 2765 1258 2796; x_wconf 77' lang='grc' dir='ltr'><strong><em>ο</em></strong></span> 
     </span>
     <span class='ocr_line' id='line_1_25' title="bbox 233 2824 1257 2884; baseline 0.004 -11"><span class='ocrx_word' id='word_1_162' title='bbox 233 2827 434 2884; x_wconf 75' lang='lat' dir='ltr'><strong>castris,</strong></span> <span class='ocrx_word' id='word_1_163' title='bbox 470 2825 555 2876; x_wconf 79' lang='lat' dir='ltr'><strong>vel</strong></span> <span class='ocrx_word' id='word_1_164' title='bbox 587 2829 773 2878; x_wconf 77' lang='lat' dir='ltr'><strong>castris.</strong></span> <span class='ocrx_word' id='word_1_165' title='bbox 821 2824 932 2877; x_wconf 87' lang='lat' dir='ltr'><strong>Nec</strong></span> <span class='ocrx_word' id='word_1_166' title='bbox 973 2826 1119 2877; x_wconf 76' lang='lat' dir='ltr'><strong>locus</strong></span> <span class='ocrx_word' id='word_1_167' title='bbox 1158 2825 1257 2877; x_wconf 69' lang='lat' dir='ltr'><strong>iste</strong></span> 
     </span>
     <span class='ocr_line' id='line_1_26' title="bbox 236 2900 1259 2973; baseline 0 -18"><span class='ocrx_word' id='word_1_168' title='bbox 236 2900 440 2973; x_wconf 76' lang='lat' dir='ltr'><strong>indiget</strong></span> <span class='ocrx_word' id='word_1_169' title='bbox 463 2901 850 2967; x_wconf 82' lang='lat' dir='ltr'><strong>emendatione,</strong></span> <span class='ocrx_word' id='word_1_170' title='bbox 867 2916 928 2956; x_wconf 89' lang='lat' dir='ltr'><strong>ut</strong></span> <span class='ocrx_word' id='word_1_171' title='bbox 944 2916 1146 2957; x_wconf 78' lang='lat' dir='ltr'><strong>veteres</strong></span> <span class='ocrx_word' id='word_1_172' title='bbox 1159 2904 1259 2956; x_wconf 88' lang='lat' dir='ltr'><strong>cri·</strong></span> 
     </span>
     <span class='ocr_line' id='line_1_27' title="bbox 235 2983 1260 3053; baseline 0 -19"><span class='ocrx_word' id='word_1_173' title='bbox 235 2983 330 3035; x_wconf 88' lang='lat' dir='ltr'><strong>tici</strong></span> <span class='ocrx_word' id='word_1_174' title='bbox 341 2984 1020 3048; x_wconf 49' lang='lat' dir='ltr'><strong>voluer-nnnaffiimantesV</strong></span> <span class='ocrx_word' id='word_1_175' title='bbox 1027 2983 1260 3053; x_wconf 79' lang='lat' dir='ltr'><strong>ercinge·</strong></span> 
     </span>
     <span class='ocr_line' id='line_1_28' title="bbox 240 3060 1255 3133; baseline -0.001 -19"><span class='ocrx_word' id='word_1_176' title='bbox 240 3063 469 3133; x_wconf 78' lang='lat' dir='ltr'><strong>torigem</strong></span> <span class='ocrx_word' id='word_1_177' title='bbox 482 3083 592 3116; x_wconf 89' lang='lat' dir='ltr'><strong>non</strong></span> <span class='ocrx_word' id='word_1_178' title='bbox 605 3082 633 3115; x_wconf 82' lang='lat' dir='ltr'><strong>a</strong></span> <span class='ocrx_word' id='word_1_179' title='bbox 648 3064 801 3115; x_wconf 77' lang='lat' dir='ltr'><strong>castri</strong></span> <span class='ocrx_word' id='word_1_180' title='bbox 806 3083 829 3115; x_wconf 82' lang='lat' dir='ltr'><strong>s</strong></span> <span class='ocrx_word' id='word_1_181' title='bbox 838 3101 856 3128; x_wconf 91' lang='lat'><strong>,</strong></span> <span class='ocrx_word' id='word_1_182' title='bbox 872 3061 964 3115; x_wconf 75' lang='lat' dir='ltr'><strong>sed</strong></span> <span class='ocrx_word' id='word_1_183' title='bbox 979 3083 1040 3116; x_wconf 83' lang='lat' dir='ltr'><strong>ex</strong></span> <span class='ocrx_word' id='word_1_184' title='bbox 1053 3060 1255 3133; x_wconf 86' lang='lat' dir='ltr'><strong>oppido</strong></span> 
     </span>
     <span class='ocr_line' id='line_1_29' title="bbox 233 3143 1259 3213; baseline -0.002 -18"><span class='ocrx_word' id='word_1_185' title='bbox 233 3161 502 3213; x_wconf 76' lang='lat' dir='ltr'><strong>egressum</strong></span> <span class='ocrx_word' id='word_1_186' title='bbox 522 3143 697 3195; x_wconf 66' lang='lat' dir='ltr'><strong>finisse.</strong></span> <span class='ocrx_word' id='word_1_187' title='bbox 727 3144 883 3195; x_wconf 84' lang='lat' dir='ltr'><strong>Certe</strong></span> <span class='ocrx_word' id='word_1_188' title='bbox 897 3180 913 3207; x_wconf 91' lang='lat'><strong>,</strong></span> <span class='ocrx_word' id='word_1_189' title='bbox 931 3155 990 3194; x_wconf 88' lang='lat' dir='ltr'><strong>ut</strong></span> <span class='ocrx_word' id='word_1_190' title='bbox 1017 3143 1259 3194; x_wconf 81' lang='lat' dir='ltr'><strong>observat</strong></span> 
     </span>
     <span class='ocr_line' id='line_1_30' title="bbox 236 3221 1257 3293; baseline -0.001 -20"><span class='ocrx_word' id='word_1_191' title='bbox 236 3222 483 3275; x_wconf 77' lang='lat' dir='ltr'><strong>oberlin.</strong></span> <span class='ocrx_word' id='word_1_192' title='bbox 499 3234 552 3274; x_wconf 88' lang='lat' dir='ltr'><strong>et</strong></span> <span class='ocrx_word' id='word_1_193' title='bbox 561 3234 620 3274; x_wconf 89' lang='lat' dir='ltr'><strong>ut</strong></span> <span class='ocrx_word' id='word_1_194' title='bbox 634 3235 808 3275; x_wconf 78' lang='lat' dir='ltr'><strong>textus</strong></span> <span class='ocrx_word' id='word_1_195' title='bbox 819 3223 931 3293; x_wconf 85' lang='lat' dir='ltr'><strong>ipse</strong></span> <span class='ocrx_word' id='word_1_196' title='bbox 942 3221 1161 3275; x_wconf 60' lang='lat' dir='ltr'><strong>caesaris</strong></span> <span class='ocrx_word' id='word_1_197' title='bbox 1174 3222 1257 3272; x_wconf 87' lang='lat' dir='ltr'><strong>in-</strong></span> 
     </span>
     <span class='ocr_line' id='line_1_31' title="bbox 234 3300 1260 3373; baseline 0 -20"><span class='ocrx_word' id='word_1_198' title='bbox 234 3300 378 3353; x_wconf 87' lang='lat' dir='ltr'><strong>dicat</strong></span> <span class='ocrx_word' id='word_1_199' title='bbox 388 3321 503 3373; x_wconf 77' lang='lat' dir='ltr'><strong>sup.</strong></span> <span class='ocrx_word' id='word_1_200' title='bbox 519 3322 566 3355; x_wconf 90' lang='lat' dir='ltr'><strong>c.</strong></span> <span class='ocrx_word' id='word_1_201' title='bbox 579 3301 1096 3372; x_wconf 77' lang='lat' dir='ltr'><strong>69,Vercingetorigi</strong></span> <span class='ocrx_word' id='word_1_202' title='bbox 1110 3312 1260 3353; x_wconf 79' lang='lat' dir='ltr'><strong>erant</strong></span> 
     </span>
     <span class='ocr_line' id='line_1_32' title="bbox 237 3380 1260 3452; baseline -0.001 -18"><span class='ocrx_word' id='word_1_203' title='bbox 237 3393 425 3447; x_wconf 55' lang='lat' dir='ltr'><strong>castra,</strong></span> <span class='ocrx_word' id='word_1_204' title='bbox 444 3382 669 3435; x_wconf 81' lang='lat' dir='ltr'><strong>maceria</strong></span> <span class='ocrx_word' id='word_1_205' title='bbox 679 3394 731 3435; x_wconf 92' lang='lat' dir='ltr'><strong>et</strong></span> <span class='ocrx_word' id='word_1_206' title='bbox 741 3382 894 3446; x_wconf 82' lang='lat' dir='ltr'><strong>fossa,</strong></span> <span class='ocrx_word' id='word_1_207' title='bbox 906 3399 1023 3452; x_wconf 67' lang='lat' dir='ltr'><strong>qnae</strong></span> <span class='ocrx_word' id='word_1_208' title='bbox 1036 3380 1260 3433; x_wconf 74' lang='lat' dir='ltr'><strong>transire</strong></span> 
     </span>
     <span class='ocr_line' id='line_1_33' title="bbox 241 3460 1263 3533; baseline -0.002 -19"><span class='ocrx_word' id='word_1_209' title='bbox 241 3480 301 3514; x_wconf 87' lang='lat' dir='ltr'><strong>ac</strong></span> <span class='ocrx_word' id='word_1_210' title='bbox 315 3460 609 3533; x_wconf 67' lang='lat' dir='ltr'><strong>transgredi</strong></span> <span class='ocrx_word' id='word_1_211' title='bbox 621 3462 796 3515; x_wconf 82' lang='lat' dir='ltr'><strong>conati</strong></span> <span class='ocrx_word' id='word_1_212' title='bbox 805 3473 926 3514; x_wconf 78' lang='lat' dir='ltr'><strong>sunt</strong></span> <span class='ocrx_word' id='word_1_213' title='bbox 940 3462 1141 3532; x_wconf 80' lang='lat' dir='ltr'><strong>equites</strong></span> <span class='ocrx_word' id='word_1_214' title='bbox 1149 3479 1263 3532; x_wconf 75' lang='lat' dir='ltr'><strong>ger-</strong></span> 
     </span>
     <span class='ocr_line' id='line_1_34' title="bbox 238 3538 1262 3612; baseline -0.001 -19"><span class='ocrx_word' id='word_1_215' title='bbox 238 3541 413 3605; x_wconf 85' lang='lat' dir='ltr'><strong>mani,</strong></span> <span class='ocrx_word' id='word_1_216' title='bbox 436 3560 554 3612; x_wconf 77' lang='lat' dir='ltr'><strong>cap.</strong></span> <span class='ocrx_word' id='word_1_217' title='bbox 581 3560 674 3611; x_wconf 88' lang='lat'><strong>7⁰·</strong></span> <span class='ocrx_word' id='word_1_218' title='bbox 703 3538 860 3593; x_wconf 86' lang='lat' dir='ltr'><strong>Unde</strong></span> <span class='ocrx_word' id='word_1_219' title='bbox 891 3541 1029 3593; x_wconf 87' lang='lat' dir='ltr'><strong>nihil</strong></span> <span class='ocrx_word' id='word_1_220' title='bbox 1050 3540 1108 3593; x_wconf 84' lang='lat' dir='ltr'><strong>h.</strong></span> <span class='ocrx_word' id='word_1_221' title='bbox 1137 3542 1173 3593; x_wconf 88' lang='lat' dir='ltr'><strong>l.</strong></span> <span class='ocrx_word' id='word_1_222' title='bbox 1193 3541 1262 3592; x_wconf 80' lang='lat' dir='ltr'><strong>sit</strong></span> 
     </span>
     <span class='ocr_line' id='line_1_35' title="bbox 237 3618 1261 3692; baseline -0.001 -19"><span class='ocrx_word' id='word_1_223' title='bbox 237 3618 425 3686; x_wconf 81' lang='lat' dir='ltr'><strong>dubii,</strong></span> <span class='ocrx_word' id='word_1_224' title='bbox 457 3621 588 3692; x_wconf 84' lang='lat' dir='ltr'><strong>quin</strong></span> <span class='ocrx_word' id='word_1_225' title='bbox 620 3641 650 3672; x_wconf 92' lang='lat' dir='ltr'><strong>e</strong></span> <span class='ocrx_word' id='word_1_226' title='bbox 681 3622 863 3673; x_wconf 78' lang='lat' dir='ltr'><strong>castris</strong></span> <span class='ocrx_word' id='word_1_227' title='bbox 906 3620 1134 3692; x_wconf 77' lang='lat' dir='ltr'><strong>proferri</strong></span> <span class='ocrx_word' id='word_1_228' title='bbox 1162 3638 1261 3691; x_wconf 86' lang='lat' dir='ltr'><strong>po·</strong></span> 
     </span>
     <span class='ocr_line' id='line_1_36' title="bbox 239 3699 1261 3772; baseline -0.002 -20"><span class='ocrx_word' id='word_1_229' title='bbox 239 3701 443 3753; x_wconf 83' lang='lat' dir='ltr'><strong>tuerint</strong></span> <span class='ocrx_word' id='word_1_230' title='bbox 459 3701 722 3772; x_wconf 73' lang='lat' dir='ltr'><strong>longnrii,</strong></span> <span class='ocrx_word' id='word_1_231' title='bbox 750 3701 1001 3763; x_wconf 68' lang='lat' dir='ltr'><strong>muscidi,</strong></span> <span class='ocrx_word' id='word_1_232' title='bbox 1028 3711 1126 3752; x_wconf 89' lang='lat' dir='ltr'><strong>etc.</strong></span> <span class='ocrx_word' id='word_1_233' title='bbox 1156 3699 1261 3751; x_wconf 80' lang='lat' dir='ltr'><strong>Alii</strong></span> 
     </span>
     <span class='ocr_line' id='line_1_37' title="bbox 239 3779 1257 3842; baseline -0.001 -11"><span class='ocrx_word' id='word_1_234' title='bbox 239 3781 432 3832; x_wconf 73' lang='lat' dir='ltr'><strong>volunt</strong></span> <span class='ocrx_word' id='word_1_235' title='bbox 445 3800 506 3831; x_wconf 77' lang='lat' dir='ltr'><strong>ac</strong></span> <span class='ocrx_word' id='word_1_236' title='bbox 522 3794 692 3842; x_wconf 80' lang='lat' dir='ltr'><strong>crates,</strong></span> <span class='ocrx_word' id='word_1_237' title='bbox 711 3779 873 3832; x_wconf 79' lang='lat' dir='ltr'><strong>aliiae</strong></span> <span class='ocrx_word' id='word_1_238' title='bbox 889 3779 1257 3832; x_wconf 71' lang='lat' dir='ltr'><strong>meros.Graec.</strong></span> 
     </span>
     <span class='ocr_line' id='line_1_38' title="bbox 239 3856 1263 3931; baseline -0.002 -19"><span class='ocrx_word' id='word_1_239' title='bbox 239 3861 503 3931; x_wconf 77' lang='lat' dir='ltr'><strong>interpres</strong></span> <span class='ocrx_word' id='word_1_240' title='bbox 537 3879 648 3912; x_wconf 88' lang='lat' dir='ltr'><strong>non</strong></span> <span class='ocrx_word' id='word_1_241' title='bbox 686 3859 860 3912; x_wconf 84' lang='lat' dir='ltr'><strong>vertit.</strong></span> <span class='ocrx_word' id='word_1_242' title='bbox 885 3856 1017 3924; x_wconf 87' lang='lat' dir='ltr'><strong>Sed,</strong></span> <span class='ocrx_word' id='word_1_243' title='bbox 1038 3871 1098 3911; x_wconf 86' lang='lat' dir='ltr'><strong>ut</strong></span> <span class='ocrx_word' id='word_1_244' title='bbox 1119 3856 1229 3910; x_wconf 83' lang='lat' dir='ltr'><strong>dixi</strong></span> <span class='ocrx_word' id='word_1_245' title='bbox 1245 3895 1263 3923; x_wconf 91' lang='lat'>‚</span> 
     </span>
     <span class='ocr_line' id='line_1_39' title="bbox 239 3937 1263 3992; baseline -0.001 -1"><span class='ocrx_word' id='word_1_246' title='bbox 239 3940 392 3991; x_wconf 80' lang='lat' dir='ltr'><strong>nullo</strong></span> <span class='ocrx_word' id='word_1_247' title='bbox 431 3938 594 3992; x_wconf 86' lang='lat' dir='ltr'><strong>modo</strong></span> <span class='ocrx_word' id='word_1_248' title='bbox 625 3937 952 3992; x_wconf 78' lang='lat' dir='ltr'><strong>sollicitanda</strong></span> <span class='ocrx_word' id='word_1_249' title='bbox 986 3951 1063 3991; x_wconf 82' lang='lat' dir='ltr'><strong>est</strong></span> <span class='ocrx_word' id='word_1_250' title='bbox 1105 3938 1263 3991; x_wconf 87' lang='lat' dir='ltr'><strong>lectio</strong></span> 
     </span>
     <span class='ocr_line' id='line_1_40' title="bbox 240 4017 1102 4091; baseline -0.001 -20"><span class='ocrx_word' id='word_1_251' title='bbox 240 4017 399 4071; x_wconf 86' lang='lat' dir='ltr'><strong>codd.</strong></span> <span class='ocrx_word' id='word_1_252' title='bbox 428 4037 548 4091; x_wconf 78' lang='lat' dir='ltr'><strong>quae</strong></span> <span class='ocrx_word' id='word_1_253' title='bbox 573 4020 646 4071; x_wconf 83' lang='lat' dir='ltr'><strong>ita</strong></span> <span class='ocrx_word' id='word_1_254' title='bbox 677 4020 813 4071; x_wconf 85' lang='lat' dir='ltr'><strong>bene</strong></span> <span class='ocrx_word' id='word_1_255' title='bbox 843 4036 899 4070; x_wconf 85' lang='lat' dir='ltr'><strong>se</strong></span> <span class='ocrx_word' id='word_1_256' title='bbox 926 4018 1102 4070; x_wconf 78' lang='lat' dir='ltr'><strong>habet.</strong></span> 
     </span>
    </p>

    <p class='ocr_par' dir='ltr' id='par_1_10' title="bbox 239 4094 1266 4246">
     <span class='ocr_line' id='line_1_41' title="bbox 326 4094 1266 4169; baseline -0.003 -18"><span class='ocrx_word' id='word_1_257' title='bbox 326 4119 378 4151; x_wconf 74' lang='lat'><strong>2.</strong></span> <span class='ocrx_word' id='word_1_258' title='bbox 408 4100 694 4168; x_wconf 65' lang='lat' dir='ltr'><strong>langui-ios.</strong></span> <span class='ocrx_word' id='word_1_259' title='bbox 725 4099 804 4149; x_wconf 86' lang='lat' dir='ltr'><strong>De</strong></span> <span class='ocrx_word' id='word_1_260' title='bbox 829 4098 1111 4169; x_wconf 70' lang='lat' dir='ltr'><strong>longuriis</strong></span> <span class='ocrx_word' id='word_1_261' title='bbox 1131 4094 1266 4148; x_wconf 81' lang='lat' dir='ltr'><strong>dixi-</strong></span> 
     </span>
     <span class='ocr_line' id='line_1_42' title="bbox 239 4179 1228 4246; baseline -0.001 -17"><span class='ocrx_word' id='word_1_262' title='bbox 239 4196 387 4243; x_wconf 78' lang='lat' dir='ltr'><strong>mus,</strong></span> <span class='ocrx_word' id='word_1_263' title='bbox 408 4179 443 4233; x_wconf 86' lang='lat' dir='ltr'><strong>l.</strong></span> <span class='ocrx_word' id='word_1_264' title='bbox 477 4196 577 4242; x_wconf 85' lang='lat'><strong>111,</strong></span> <span class='ocrx_word' id='word_1_265' title='bbox 603 4196 648 4232; x_wconf 91' lang='lat' dir='ltr'><strong>c.</strong></span> <span class='ocrx_word' id='word_1_266' title='bbox 682 4185 780 4242; x_wconf 66' lang='grc' dir='ltr'><strong>τάς</strong></span> <span class='ocrx_word' id='word_1_267' title='bbox 803 4190 857 4230; x_wconf 87' lang='lat' dir='ltr'><strong>et</strong></span> <span class='ocrx_word' id='word_1_268' title='bbox 881 4179 919 4229; x_wconf 88' lang='lat'><strong>1.</strong></span> <span class='ocrx_word' id='word_1_269' title='bbox 952 4195 1037 4243; x_wconf 75' lang='lat' dir='ltr'><strong>tv,</strong></span> <span class='ocrx_word' id='word_1_270' title='bbox 1059 4195 1104 4229; x_wconf 88' lang='lat' dir='ltr'><strong>c.</strong></span> <span class='ocrx_word' id='word_1_271' title='bbox 1140 4193 1228 4246; x_wconf 80' lang='lat'><strong>¹7·</strong></span> 
     </span>
    </p>

    <p class='ocr_par' dir='ltr' id='par_1_11' title="bbox 236 4256 1266 4407">
     <span class='ocr_line' id='line_1_43' title="bbox 325 4256 1264 4323; baseline -0.002 -13"><span class='ocrx_word' id='word_1_272' title='bbox 325 4258 375 4310; x_wconf 84' lang='lat'><strong>3.</strong></span> <span class='ocrx_word' id='word_1_273' title='bbox 405 4257 670 4310; x_wconf 70' lang='lat' dir='ltr'><strong>Masculus.</strong></span> <span class='ocrx_word' id='word_1_274' title='bbox 703 4258 966 4323; x_wconf 72' lang='lat' dir='ltr'><strong>Muscnli,</strong></span> <span class='ocrx_word' id='word_1_275' title='bbox 991 4268 1122 4310; x_wconf 77' lang='lat' dir='ltr'><strong>teste</strong></span> <span class='ocrx_word' id='word_1_276' title='bbox 1152 4256 1264 4308; x_wconf 88' lang='lat' dir='ltr'><strong>Ve-</strong></span> 
     </span>
     <span class='ocr_line' id='line_1_44' title="bbox 236 4335 1266 4407; baseline -0.002 -18"><span class='ocrx_word' id='word_1_277' title='bbox 236 4338 380 4407; x_wconf 82' lang='lat' dir='ltr'><strong>getio</strong></span> <span class='ocrx_word' id='word_1_278' title='bbox 395 4374 413 4401; x_wconf 92' lang='lat'><strong>,</strong></span> <span class='ocrx_word' id='word_1_279' title='bbox 430 4337 467 4390; x_wconf 89' lang='lat' dir='ltr'><strong>l.</strong></span> <span class='ocrx_word' id='word_1_280' title='bbox 506 4353 595 4399; x_wconf 72' lang='lat' dir='ltr'><strong>lv,</strong></span> <span class='ocrx_word' id='word_1_281' title='bbox 611 4355 657 4389; x_wconf 86' lang='lat' dir='ltr'><strong>c.</strong></span> <span class='ocrx_word' id='word_1_282' title='bbox 697 4341 760 4391; x_wconf 83' lang='lat'><strong>16</strong></span> <span class='ocrx_word' id='word_1_283' title='bbox 778 4373 795 4400; x_wconf 89' lang='lat'><strong>,</strong></span> <span class='ocrx_word' id='word_1_284' title='bbox 815 4340 1015 4389; x_wconf 79' lang='lat' dir='ltr'><strong>minores</strong></span> <span class='ocrx_word' id='word_1_285' title='bbox 1036 4335 1266 4387; x_wconf 64' lang='lat' dir='ltr'><strong>machina</strong></span> 
     </span>
    </p>
   </div>
   <div class='ocr_carea' id='block_1_8' title="bbox 1343 2504 2362 2578">
    <p class='ocr_par' dir='ltr' id='par_1_12' title="bbox 1343 2504 2362 2578">
     <span class='ocr_line' id='line_1_45' title="bbox 1343 2504 2362 2578; baseline 0 -22"><span class='ocrx_word' id='word_1_286' title='bbox 1343 2517 1471 2567; x_wconf 77' lang='lat' dir='ltr'><strong>tum,</strong></span> <span class='ocrx_word' id='word_1_287' title='bbox 1521 2510 1786 2578; x_wconf 69' lang='lat' dir='ltr'><strong>apportatis</strong></span> <span class='ocrx_word' id='word_1_288' title='bbox 1828 2504 2092 2576; x_wconf 67' lang='lat' dir='ltr'><strong>lapidibus,</strong></span> <span class='ocrx_word' id='word_1_289' title='bbox 2128 2504 2272 2575; x_wconf 71' lang='lat' dir='ltr'><strong>lignis</strong></span> <span class='ocrx_word' id='word_1_290' title='bbox 2303 2524 2362 2556; x_wconf 82' lang='lat' dir='ltr'><strong>ae</strong></span> 
     </span>
    </p>
   </div>
   <div class='ocr_carea' id='block_1_9' title="bbox 1339 2585 2365 2816">
    <p class='ocr_par' dir='ltr' id='par_1_13' title="bbox 1339 2585 2365 2816">
     <span class='ocr_line' id='line_1_46' title="bbox 1343 2585 2360 2656; baseline 0.001 -20"><span class='ocrx_word' id='word_1_291' title='bbox 1343 2597 1468 2637; x_wconf 79' lang='lat' dir='ltr'><strong>term</strong></span> <span class='ocrx_word' id='word_1_292' title='bbox 1482 2624 1496 2647; x_wconf 85' lang='lat'>‚</span> <span class='ocrx_word' id='word_1_293' title='bbox 1530 2605 1625 2637; x_wconf 79' lang='lat' dir='ltr'><strong>non</strong></span> <span class='ocrx_word' id='word_1_294' title='bbox 1655 2587 1803 2637; x_wconf 79' lang='lat' dir='ltr'><strong>solum</strong></span> <span class='ocrx_word' id='word_1_295' title='bbox 1827 2585 2090 2656; x_wconf 63' lang='lat' dir='ltr'><strong>completa,-</strong></span> <span class='ocrx_word' id='word_1_296' title='bbox 2103 2586 2192 2636; x_wconf 74' lang='lat' dir='ltr'><strong>sed</strong></span> <span class='ocrx_word' id='word_1_297' title='bbox 2217 2587 2360 2637; x_wconf 78' lang='lat' dir='ltr'><strong>etiam</strong></span> 
     </span>
     <span class='ocr_line' id='line_1_47' title="bbox 1339 2664 2361 2727; baseline 0.001 -11"><span class='ocrx_word' id='word_1_298' title='bbox 1339 2666 1552 2718; x_wconf 77' lang='lat' dir='ltr'><strong>solidant</strong></span> <span class='ocrx_word' id='word_1_299' title='bbox 1564 2703 1579 2727; x_wconf 85' lang='lat'><strong>,</strong></span> <span class='ocrx_word' id='word_1_300' title='bbox 1610 2677 1665 2719; x_wconf 76' lang='lat' dir='ltr'><strong>ut</strong></span> <span class='ocrx_word' id='word_1_301' title='bbox 1703 2677 1853 2718; x_wconf 77' lang='lat' dir='ltr'><strong>turres</strong></span> <span class='ocrx_word' id='word_1_302' title='bbox 1893 2664 2222 2716; x_wconf 69' lang='lat' dir='ltr'><strong>ambulator-ite</strong></span> <span class='ocrx_word' id='word_1_303' title='bbox 2259 2671 2361 2717; x_wconf 72' lang='lat' dir='ltr'><strong>sine</strong></span> 
     </span>
     <span class='ocr_line' id='line_1_48' title="bbox 1343 2744 2365 2816; baseline 0.001 -20"><span class='ocrx_word' id='word_1_304' title='bbox 1343 2746 1668 2816; x_wconf 76' lang='lat' dir='ltr'><strong>impedimento</strong></span> <span class='ocrx_word' id='word_1_305' title='bbox 1673 2746 1949 2815; x_wconf 73' lang='lat' dir='ltr'><strong>jungantur</strong></span> <span class='ocrx_word' id='word_1_306' title='bbox 1961 2744 2032 2795; x_wconf 84' lang='lat' dir='ltr'><strong>ad</strong></span> <span class='ocrx_word' id='word_1_307' title='bbox 2048 2764 2247 2797; x_wconf 78' lang='lat' dir='ltr'><strong>murum.</strong></span> <span class='ocrx_word' id='word_1_308' title='bbox 2261 2745 2321 2797; x_wconf 84' lang='lat' dir='ltr'><em>V</em></span> <span class='ocrx_word' id='word_1_309' title='bbox 2312 2764 2365 2796; x_wconf 82' lang='lat' dir='ltr'><strong>o-</strong></span> 
     </span>
    </p>
   </div>
   <div class='ocr_carea' id='block_1_10' title="bbox 1340 2824 2360 2879">
    <p class='ocr_par' dir='ltr' id='par_1_14' title="bbox 1340 2824 2360 2879">
     <span class='ocr_line' id='line_1_49' title="bbox 1340 2824 2360 2879; baseline 0.002 -2"><span class='ocrx_word' id='word_1_310' title='bbox 1340 2836 1512 2877; x_wconf 75' lang='lat' dir='ltr'><strong>cantur</strong></span> <span class='ocrx_word' id='word_1_311' title='bbox 1529 2836 1687 2876; x_wconf 79' lang='lat' dir='ltr'><strong>autem</strong></span> <span class='ocrx_word' id='word_1_312' title='bbox 1706 2845 1737 2875; x_wconf 88' lang='lat' dir='ltr'><strong><em>a</em></strong></span> <span class='ocrx_word' id='word_1_313' title='bbox 1751 2828 1946 2875; x_wconf 73' lang='lat' dir='ltr'><strong>marinis</strong></span> <span class='ocrx_word' id='word_1_314' title='bbox 1962 2824 2129 2875; x_wconf 79' lang='lat' dir='ltr'><strong>belluis</strong></span> <span class='ocrx_word' id='word_1_315' title='bbox 2146 2825 2360 2879; x_wconf 79' lang='lat' dir='ltr'><strong>musculi.</strong></span> 
     </span>
    </p>
   </div>
   <div class='ocr_carea' id='block_1_11' title="bbox 1341 2902 2485 2976">
    <p class='ocr_par' dir='ltr' id='par_1_15' title="bbox 1341 2902 2485 2976">
     <span class='ocr_line' id='line_1_50' title="bbox 1341 2902 2485 2976; baseline -0.002 -19"><span class='ocrx_word' id='word_1_316' title='bbox 1341 2904 1472 2957; x_wconf 80' lang='lat' dir='ltr'><strong>Nam</strong></span> <span class='ocrx_word' id='word_1_317' title='bbox 1494 2902 1881 2976; x_wconf 77' lang='lat' dir='ltr'><strong>quemadmodum</strong></span> <span class='ocrx_word' id='word_1_318' title='bbox 1899 2903 1986 2964; x_wconf 72' lang='lat' dir='ltr'><em>illi,</em></span> <span class='ocrx_word' id='word_1_319' title='bbox 2012 2923 2153 2974; x_wconf 80' lang='lat' dir='ltr'><strong>quum</strong></span> <span class='ocrx_word' id='word_1_320' title='bbox 2161 2908 2364 2956; x_wconf 78' lang='lat' dir='ltr'><strong>minores</strong></span> <span class='ocrx_word' id='word_1_321' title='bbox 2479 2950 2485 2963; x_wconf 84' lang='grc'><strong>,</strong></span> 
     </span>
    </p>
   </div>
   <div class='ocr_carea' id='block_1_12' title="bbox 1340 2982 2369 4406">
    <p class='ocr_par' dir='ltr' id='par_1_16' title="bbox 1340 2982 2365 3767">
     <span class='ocr_line' id='line_1_51' title="bbox 1340 2982 2363 3046; baseline 0 -12"><span class='ocrx_word' id='word_1_322' title='bbox 1340 2987 1460 3046; x_wconf 75' lang='lat' dir='ltr'><strong>sint,</strong></span> <span class='ocrx_word' id='word_1_323' title='bbox 1490 2995 1647 3033; x_wconf 80' lang='lat' dir='ltr'><strong>tamen</strong></span> <span class='ocrx_word' id='word_1_324' title='bbox 1665 2982 2103 3034; x_wconf 70' lang='lat' dir='ltr'><strong>baloenisauxilimn</strong></span> <span class='ocrx_word' id='word_1_325' title='bbox 2117 3022 2132 3043; x_wconf 89' lang='lat'><strong>,</strong></span> <span class='ocrx_word' id='word_1_326' title='bbox 2159 2983 2363 3034; x_wconf 66' lang='lat' dir='ltr'><strong>admini-</strong></span> 
     </span>
     <span class='ocr_line' id='line_1_52' title="bbox 1341 3060 2361 3134; baseline -0.002 -20"><span class='ocrx_word' id='word_1_327' title='bbox 1341 3064 1585 3134; x_wconf 77' lang='lat' dir='ltr'><strong>culumque</strong></span> <span class='ocrx_word' id='word_1_328' title='bbox 1627 3064 1814 3131; x_wconf 76' lang='lat' dir='ltr'><strong>jugiter</strong></span> <span class='ocrx_word' id='word_1_329' title='bbox 1848 3060 2100 3121; x_wconf 52' lang='lat' dir='ltr'><strong>exhibeam</strong></span> <span class='ocrx_word' id='word_1_330' title='bbox 2141 3064 2215 3111; x_wconf 78' lang='lat' dir='ltr'><strong>ita</strong></span> <span class='ocrx_word' id='word_1_331' title='bbox 2254 3065 2361 3112; x_wconf 77' lang='lat' dir='ltr'><strong>istoe</strong></span> 
     </span>
     <span class='ocr_line' id='line_1_53' title="bbox 1342 3139 2360 3210; baseline -0.002 -17"><span class='ocrx_word' id='word_1_332' title='bbox 1342 3143 1571 3193; x_wconf 70' lang='lat' dir='ltr'><strong>mclninoe</strong></span> <span class='ocrx_word' id='word_1_333' title='bbox 1598 3140 1847 3200; x_wconf 61' lang='lat' dir='ltr'><strong>breviat-es,</strong></span> <span class='ocrx_word' id='word_1_334' title='bbox 1875 3139 2114 3210; x_wconf 79' lang='lat' dir='ltr'><strong>deputatoe</strong></span> <span class='ocrx_word' id='word_1_335' title='bbox 2151 3140 2360 3191; x_wconf 80' lang='lat' dir='ltr'><strong>turribus</strong></span> 
     </span>
     <span class='ocr_line' id='line_1_54' title="bbox 1343 3219 2362 3291; baseline -0.002 -18"><span class='ocrx_word' id='word_1_336' title='bbox 1343 3225 1554 3291; x_wconf 66' lang='lat' dir='ltr'><strong>magnis,</strong></span> <span class='ocrx_word' id='word_1_337' title='bbox 1582 3221 1771 3272; x_wconf 73' lang='lat' dir='ltr'><strong>illarum</strong></span> <span class='ocrx_word' id='word_1_338' title='bbox 1795 3219 2019 3271; x_wconf 74' lang='lat' dir='ltr'><strong>adventui</strong></span> <span class='ocrx_word' id='word_1_339' title='bbox 2032 3231 2216 3289; x_wconf 81' lang='lat' dir='ltr'><strong>parant</strong></span> <span class='ocrx_word' id='word_1_340' title='bbox 2228 3223 2362 3271; x_wconf 77' lang='lat' dir='ltr'><strong>viam</strong></span> 
     </span>
     <span class='ocr_line' id='line_1_55' title="bbox 1343 3298 2362 3373; baseline -0.001 -21"><span class='ocrx_word' id='word_1_341' title='bbox 1343 3304 1603 3373; x_wconf 75' lang='lat' dir='ltr'><strong>itineraque</strong></span> <span class='ocrx_word' id='word_1_342' title='bbox 1620 3303 1959 3371; x_wconf 58' lang='lat' dir='ltr'><strong>praemuniunt.</strong></span> <span class='ocrx_word' id='word_1_343' title='bbox 1984 3298 2255 3351; x_wconf 75' lang='lat' dir='ltr'><strong>Masculus</strong></span> <span class='ocrx_word' id='word_1_344' title='bbox 2275 3298 2362 3352; x_wconf 79' lang='lat' dir='ltr'><strong>fu-</strong></span> 
     </span>
     <span class='ocr_line' id='line_1_56' title="bbox 1343 3378 2359 3443; baseline -0.001 -10"><span class='ocrx_word' id='word_1_345' title='bbox 1343 3380 1450 3434; x_wconf 72' lang='lat' dir='ltr'><strong>sius</strong></span> <span class='ocrx_word' id='word_1_346' title='bbox 1481 3378 1812 3433; x_wconf 82' lang='lat' dir='ltr'><strong>describetur</strong></span> <span class='ocrx_word' id='word_1_347' title='bbox 1841 3379 1933 3432; x_wconf 83' lang='lat' dir='ltr'><strong>lib.</strong></span> <span class='ocrx_word' id='word_1_348' title='bbox 1967 3396 2045 3443; x_wconf 84' lang='lat'><strong>11,</strong></span> <span class='ocrx_word' id='word_1_349' title='bbox 2079 3379 2210 3432; x_wconf 86' lang='lat' dir='ltr'><strong>Bell.</strong></span> <span class='ocrx_word' id='word_1_350' title='bbox 2240 3378 2359 3432; x_wconf 78' lang='lat' dir='ltr'><strong>Civ.</strong></span> 
     </span>
     <span class='ocr_line' id='line_1_57' title="bbox 1345 3458 2360 3513; baseline -0.003 0"><span class='ocrx_word' id='word_1_351' title='bbox 1345 3479 1391 3513; x_wconf 88' lang='lat' dir='ltr'><strong>c.</strong></span> <span class='ocrx_word' id='word_1_352' title='bbox 1433 3478 1520 3512; x_wconf 85' lang='grc' dir='ltr'><strong>ιο.</strong></span> <span class='ocrx_word' id='word_1_353' title='bbox 1553 3462 1624 3512; x_wconf 77' lang='lat' dir='ltr'><strong>At</strong></span> <span class='ocrx_word' id='word_1_354' title='bbox 1648 3460 1752 3512; x_wconf 87' lang='lat' dir='ltr'><strong>hoc</strong></span> <span class='ocrx_word' id='word_1_355' title='bbox 1782 3459 1900 3511; x_wconf 84' lang='lat' dir='ltr'><strong>loco</strong></span> <span class='ocrx_word' id='word_1_356' title='bbox 1929 3458 2154 3511; x_wconf 78' lang='lat' dir='ltr'><strong>musculi</strong></span> <span class='ocrx_word' id='word_1_357' title='bbox 2177 3458 2360 3511; x_wconf 79' lang='lat' dir='ltr'><strong>Gallo-</strong></span> 
     </span>
     <span class='ocr_line' id='line_1_58' title="bbox 1344 3536 2362 3602; baseline -0.001 -11"><span class='ocrx_word' id='word_1_358' title='bbox 1344 3557 1467 3592; x_wconf 82' lang='lat' dir='ltr'><strong>rum</strong></span> <span class='ocrx_word' id='word_1_359' title='bbox 1487 3552 1639 3592; x_wconf 82' lang='lat' dir='ltr'><strong>erant</strong></span> <span class='ocrx_word' id='word_1_360' title='bbox 1654 3537 1899 3592; x_wconf 73' lang='lat' dir='ltr'><strong>destinati</strong></span> <span class='ocrx_word' id='word_1_361' title='bbox 1917 3536 1984 3591; x_wconf 80' lang='lat' dir='ltr'><strong>ad</strong></span> <span class='ocrx_word' id='word_1_362' title='bbox 2014 3538 2198 3602; x_wconf 76' lang='lat' dir='ltr'><strong>taleas,</strong></span> <span class='ocrx_word' id='word_1_363' title='bbox 2218 3555 2362 3590; x_wconf 84' lang='lat' dir='ltr'><strong>scro-</strong></span> 
     </span>
     <span class='ocr_line' id='line_1_59' title="bbox 1345 3614 2365 3690; baseline -0.001 -19"><span class='ocrx_word' id='word_1_364' title='bbox 1345 3620 1467 3684; x_wconf 78' lang='lat' dir='ltr'><strong>bes,</strong></span> <span class='ocrx_word' id='word_1_365' title='bbox 1497 3620 1711 3690; x_wconf 85' lang='lat' dir='ltr'><strong>cippos,</strong></span> <span class='ocrx_word' id='word_1_366' title='bbox 1751 3630 1802 3671; x_wconf 87' lang='lat' dir='ltr'><strong>et</strong></span> <span class='ocrx_word' id='word_1_367' title='bbox 1842 3618 1940 3670; x_wconf 80' lang='lat' dir='ltr'><strong>alia</strong></span> <span class='ocrx_word' id='word_1_368' title='bbox 1988 3614 2365 3688; x_wconf 73' lang='lat' dir='ltr'><strong>impedimenta</strong></span> 
     </span>
     <span class='ocr_line' id='line_1_60' title="bbox 1346 3693 2361 3767; baseline -0.002 -16"><span class='ocrx_word' id='word_1_369' title='bbox 1346 3696 1606 3762; x_wconf 77' lang='lat' dir='ltr'><strong>eruenda,</strong></span> <span class='ocrx_word' id='word_1_370' title='bbox 1625 3710 1677 3749; x_wconf 88' lang='lat' dir='ltr'><strong>et</strong></span> <span class='ocrx_word' id='word_1_371' title='bbox 1704 3699 1876 3757; x_wconf 81' lang='lat' dir='ltr'><strong>solum</strong></span> <span class='ocrx_word' id='word_1_372' title='bbox 1896 3693 2361 3767; x_wconf 79' lang='lat' dir='ltr'><strong>complanandum.</strong></span> 
     </span>
    </p>

    <p class='ocr_par' dir='ltr' id='par_1_17' title="bbox 1347 3774 2363 3927">
     <span class='ocr_line' id='line_1_61' title="bbox 1429 3774 2363 3840; baseline -0.003 -10"><span class='ocrx_word' id='word_1_373' title='bbox 1429 3784 1481 3840; x_wconf 76' lang='grc'><strong>4.</strong></span> <span class='ocrx_word' id='word_1_374' title='bbox 1506 3779 1698 3830; x_wconf 80' lang='lat' dir='ltr'><strong>Falces.</strong></span> <span class='ocrx_word' id='word_1_375' title='bbox 1723 3779 1802 3828; x_wconf 90' lang='lat' dir='ltr'><strong>De</strong></span> <span class='ocrx_word' id='word_1_376' title='bbox 1819 3777 2039 3828; x_wconf 78' lang='lat' dir='ltr'><strong>falcibus</strong></span> <span class='ocrx_word' id='word_1_377' title='bbox 2059 3774 2184 3827; x_wconf 80' lang='lat' dir='ltr'><strong>vide</strong></span> <span class='ocrx_word' id='word_1_378' title='bbox 2213 3775 2248 3828; x_wconf 92' lang='lat' dir='ltr'><strong>l.</strong></span> <span class='ocrx_word' id='word_1_379' title='bbox 2273 3793 2363 3840; x_wconf 86' lang='lat' dir='ltr'><strong>m,</strong></span> 
     </span>
     <span class='ocr_line' id='line_1_62' title="bbox 1347 3862 1888 3927; baseline -0.004 -18"><span class='ocrx_word' id='word_1_380' title='bbox 1347 3874 1461 3927; x_wconf 82' lang='lat' dir='ltr'><strong>cap.</strong></span> <span class='ocrx_word' id='word_1_381' title='bbox 1497 3863 1596 3922; x_wconf 73' lang='lat'><strong>14,</strong></span> <span class='ocrx_word' id='word_1_382' title='bbox 1617 3869 1669 3909; x_wconf 86' lang='lat' dir='ltr'><strong>et</strong></span> <span class='ocrx_word' id='word_1_383' title='bbox 1696 3875 1764 3921; x_wconf 79' lang='lat' dir='ltr'><strong>v,</strong></span> <span class='ocrx_word' id='word_1_384' title='bbox 1796 3862 1888 3918; x_wconf 72' lang='lat'><strong>4²·</strong></span> 
     </span>
    </p>

    <p class='ocr_par' dir='ltr' id='par_1_18' title="bbox 1346 3933 2369 4406">
     <span class='ocr_line' id='line_1_63' title="bbox 1431 3933 2362 4006; baseline -0.003 -17"><span class='ocrx_word' id='word_1_385' title='bbox 1431 3937 1481 3989; x_wconf 83' lang='lat'><strong>5.</strong></span> <span class='ocrx_word' id='word_1_386' title='bbox 1520 3937 1636 4006; x_wconf 80' lang='lat' dir='ltr'><strong>Qua</strong></span> <span class='ocrx_word' id='word_1_387' title='bbox 1660 3938 1969 3987; x_wconf 75' lang='lat' dir='ltr'><strong>minimvisa</strong></span> <span class='ocrx_word' id='word_1_388' title='bbox 1984 3933 2263 4004; x_wconf 74' lang='lat' dir='ltr'><strong>patsfirma</strong></span> <span class='ocrx_word' id='word_1_389' title='bbox 2277 3945 2362 3986; x_wconf 75' lang='lat' dir='ltr'><strong>est.</strong></span> 
     </span>
     <span class='ocr_line' id='line_1_64' title="bbox 1346 4012 2365 4087; baseline 0 -21"><span class='ocrx_word' id='word_1_390' title='bbox 1346 4016 1426 4067; x_wconf 82' lang='lat' dir='ltr'><strong>Ita</strong></span> <span class='ocrx_word' id='word_1_391' title='bbox 1437 4015 1615 4070; x_wconf 80' lang='lat' dir='ltr'><strong>Clark.</strong></span> <span class='ocrx_word' id='word_1_392' title='bbox 1626 4016 1847 4087; x_wconf 79' lang='lat' dir='ltr'><strong>primus,</strong></span> <span class='ocrx_word' id='word_1_393' title='bbox 1856 4032 1920 4066; x_wconf 84' lang='lat' dir='ltr'><strong>ex</strong></span> <span class='ocrx_word' id='word_1_394' title='bbox 1929 4012 2077 4066; x_wconf 80' lang='lat' dir='ltr'><strong>MSS.</strong></span> <span class='ocrx_word' id='word_1_395' title='bbox 2091 4014 2154 4066; x_wconf 84' lang='lat' dir='ltr'><strong>R.</strong></span> <span class='ocrx_word' id='word_1_396' title='bbox 2169 4013 2365 4066; x_wconf 73' lang='lat' dir='ltr'><strong>Eliens.</strong></span> 
     </span>
     <span class='ocr_line' id='line_1_65' title="bbox 1348 4093 2369 4157; baseline 0 -11"><span class='ocrx_word' id='word_1_397' title='bbox 1348 4107 1402 4146; x_wconf 85' lang='lat' dir='ltr'><strong>et</strong></span> <span class='ocrx_word' id='word_1_398' title='bbox 1411 4097 1587 4148; x_wconf 84' lang='lat' dir='ltr'><strong>Vossii</strong></span> <span class='ocrx_word' id='word_1_399' title='bbox 1599 4094 1847 4157; x_wconf 84' lang='lat' dir='ltr'><strong>restituit,</strong></span> <span class='ocrx_word' id='word_1_400' title='bbox 1855 4105 1907 4145; x_wconf 88' lang='lat' dir='ltr'><strong>et</strong></span> <span class='ocrx_word' id='word_1_401' title='bbox 1914 4093 2059 4144; x_wconf 85' lang='lat' dir='ltr'><strong>huno</strong></span> <span class='ocrx_word' id='word_1_402' title='bbox 2070 4093 2233 4144; x_wconf 80' lang='lat' dir='ltr'><strong>secuti</strong></span> <span class='ocrx_word' id='word_1_403' title='bbox 2244 4107 2369 4146; x_wconf 81' lang='lat' dir='ltr'><strong>sunt</strong></span> 
     </span>
     <span class='ocr_line' id='line_1_66' title="bbox 1350 4170 2367 4243; baseline -0.002 -15"><span class='ocrx_word' id='word_1_404' title='bbox 1350 4173 1598 4228; x_wconf 88' lang='lat' dir='ltr'><strong>Oudend.</strong></span> <span class='ocrx_word' id='word_1_405' title='bbox 1612 4174 1851 4226; x_wconf 81' lang='lat' dir='ltr'><strong>oberlin:</strong></span> <span class='ocrx_word' id='word_1_406' title='bbox 1868 4170 2157 4226; x_wconf 79' lang='lat' dir='ltr'><strong>eteditores</strong></span> <span class='ocrx_word' id='word_1_407' title='bbox 2166 4173 2367 4243; x_wconf 85' lang='lat' dir='ltr'><strong>Bipon-</strong></span> 
     </span>
     <span class='ocr_line' id='line_1_67' title="bbox 1348 4251 2369 4318; baseline -0.002 -11"><span class='ocrx_word' id='word_1_408' title='bbox 1348 4255 1465 4308; x_wconf 89' lang='lat' dir='ltr'><strong>tini.</strong></span> <span class='ocrx_word' id='word_1_409' title='bbox 1476 4257 1544 4307; x_wconf 81' lang='lat' dir='ltr'><strong>At</strong></span> <span class='ocrx_word' id='word_1_410' title='bbox 1552 4252 1708 4306; x_wconf 87' lang='lat' dir='ltr'><strong>codd.</strong></span> <span class='ocrx_word' id='word_1_411' title='bbox 1720 4251 2041 4318; x_wconf 76' lang='lat' dir='ltr'><strong>nostri,Scnl.</strong></span> <span class='ocrx_word' id='word_1_412' title='bbox 2051 4263 2104 4304; x_wconf 90' lang='lat' dir='ltr'><strong>et</strong></span> <span class='ocrx_word' id='word_1_413' title='bbox 2110 4253 2369 4305; x_wconf 80' lang='lat' dir='ltr'><strong>recentio-</strong></span> 
     </span>
     <span class='ocr_line' id='line_1_68' title="bbox 1347 4331 2368 4406; baseline -0.002 -19"><span class='ocrx_word' id='word_1_414' title='bbox 1347 4352 1432 4387; x_wconf 79' lang='lat' dir='ltr'><strong>res</strong></span> <span class='ocrx_word' id='word_1_415' title='bbox 1445 4373 1459 4398; x_wconf 90' lang='lat'><strong>,</strong></span> <span class='ocrx_word' id='word_1_416' title='bbox 1485 4353 1593 4406; x_wconf 68' lang='grc' dir='ltr'><strong>(μω</strong></span> <span class='ocrx_word' id='word_1_417' title='bbox 1618 4337 1807 4393; x_wconf 73' lang='lat' dir='ltr'><strong>minime</strong></span> <span class='ocrx_word' id='word_1_418' title='bbox 1830 4336 1941 4384; x_wconf 78' lang='lat' dir='ltr'><strong>visa</strong></span> <span class='ocrx_word' id='word_1_419' title='bbox 1964 4350 2083 4403; x_wconf 75' lang='lat' dir='ltr'><strong>pars</strong></span> <span class='ocrx_word' id='word_1_420' title='bbox 2099 4331 2250 4403; x_wconf 70' lang='lat' dir='ltr'><strong>fimo</strong></span> <span class='ocrx_word' id='word_1_421' title='bbox 2277 4343 2368 4385; x_wconf 73' lang='lat' dir='ltr'><strong>est.</strong></span> 
     </span>
    </p>
   </div>
   <div class='ocr_carea' id='block_1_13' title="bbox 1860 4426 1999 4512">
    <p class='ocr_par' dir='ltr' id='par_1_19' title="bbox 1860 4426 1999 4512">
     <span class='ocr_line' id='line_1_69' title="bbox 1860 4426 1999 4512; baseline -0.014 0"><span class='ocrx_word' id='word_1_422' title='bbox 1860 4426 1999 4512; x_wconf 77' lang='lat'><strong>25²</strong></span> 
     </span>
    </p>
   </div>
  </div>
 </body>
</html>
