3111 5147
689 552 828 626 158
972 555 1050 624 C.
1103 551 1387 622 JULII
1442 544 1908 618 CAESARIS
1962 544 2512 636 OQMMENT.

670 686 869 758 vultis
908 682 1193 782 aquilam
1238 680 1536 753 hostibus
1577 663 1929 776 prodere⁵z
1955 702 2083 774 ego
2115 690 2296 748 certe
2329 701 2557 748 meum
2589 681 2808 775 reipu-

671 793 856 865 blicae
901 808 1100 888 atque
1152 790 1533 885 imperatori
1572 785 1866 857 officium
1909 785 2292 881 praestitero.
2333 812 2370 849 ιο
2411 786 2561 855 Hoc
2599 810 2809 879 quum

670 924 912 995 magna
939 923 1106 969 voce
1145 897 1441 984 dixisset,
1480 918 1564 963 ex
1601 893 1755 961 navi
1785 915 1854 961 se
1895 890 2209 987 projecit,
2236 905 2435 986 atque
2473 892 2543 959 in
2583 890 2809 962 hostes

668 1005 954 1102 aquilam
998 1005 1172 1074 ferre
1212 1002 1430 1098 coepit.
1470 1003 1643 1069 Tum
1687 999 1895 1069 nostri
1908 1050 1928 1084 ‚
1958 997 2288 1067 cohortati
2337 999 2509 1066 inter
2565 1021 2635 1067 se
2658 1051 2679 1085 ,
2720 1024 2808 1069 ne

667 1127 929 1183 tannim
952 1110 1238 1180 dedecus
1259 1106 1739 1192 admitteretur,
1760 1104 2048 1173 universi
2069 1128 2151 1174 ex
2172 1104 2328 1172 navi
2359 1102 2765 1173 desiluerunt
2787 1132 2805 1174 ε

666 1218 792 1288 hos
827 1221 985 1287 item
1019 1214 1129 1285 alii
1179 1239 1263 1285 ex
1310 1212 1627 1308 proximis
1670 1194 1987 1280 navibus⁶
2013 1234 2222 1305 quum
2266 1211 2761 1305 conspexissent
2782 1265 2801 1296 ,

667 1325 1000 1394 subsecuti
1040 1320 1339 1393 hostibus
1378 1318 2011 1413 appropinquamnt.

772 1431 1026 1500 XXVI.
1053 1428 1429 1524 Pugnatum
1452 1423 1581 1493 est¹
1607 1424 1692 1492 ab
1717 1424 2013 1519 utrisque
2033 1424 2307 1513 acriter-3
2329 1426 2538 1494 nostri
2560 1440 2800 1513 tamen,

662 1536 846 1631 quod
887 1559 1105 1631 neque
1139 1533 1403 1604 ordines
1438 1554 1735 1620 servare,
1760 1555 1975 1625 neque
2012 1529 2291 1599 firmiter
2333 1530 2628 1601 insistere
2643 1584 2662 1619 ,
2686 1557 2800 1601 ne-

664 1668 796 1737 que
825 1642 1009 1738 signa
1045 1641 1355 1735 subsequi
1393 1651 1736 1734 poterant,
1759 1651 1961 1731 atque
1992 1635 2156 1707 alius
2194 1636 2318 1706 alia
2340 1661 2421 1706 ex
2449 1639 2638 1727 navi,
2658 1639 2801 1732 qui-

663 1749 1076 1843 buscumque
1116 1748 1316 1843 signis
1354 1757 1770 1832 occurrerat,
1810 1767 1881 1813 se
1931 1742 2366 1839 aggregabat,
2400 1768 2800 1841 magnopere
2906 1805 2923 1814 -

665 1854 1244 1950 perturbabantur.
1283 1854 1522 1921 Hostes
1562 1874 1723 1919 vero
1737 1904 1757 1938 ,
1781 1852 1954 1919 notis
1988 1850 2296 1920 omnibus
2327 1850 2543 1940 vadiS,
2566 1850 2681 1921 ubi
2720 1876 2799 1919 ex

662 1958 885 2031 littore
906 1959 1161 2054 aliquos
1182 1954 1544 2054 singulares
1559 1980 1642 2025 ex
1671 1958 1824 2026 navi
1855 1956 2262 2053 egredientes
2290 1970 2797 2053 conspexerant,

663 2068 944 2138 incitatis
982 2066 1167 2160 equis
1204 2063 1553 2160 impeditos
1591 2062 2096 2133 adoriebantur:
2133 2062 2354 2158 plures
2395 2087 2643 2159 paucos
2675 2065 2797 2133 cir·

663 2171 1173 2244 cumsistebant:
1199 2169 1307 2241 alii
1333 2171 1421 2239 ab
1445 2168 1648 2240 latere
1685 2183 1915 2265 aperto
1958 2171 2028 2238 in
2067 2168 2443 2240 universos'
2484 2168 2616 2240 tela
2654 2195 2799 2241 con-

656 2278 984 2370 jiciebant.
1047 2278 1253 2397 Quod
1306 2302 1514 2408 (ξηαπ)
1566 2275 2132 2347 animadvertisset
2199 2279 2463 2366 Caesar,
2523 2277 2798 2373 scaphas

663 2383 1011 2482 longarum
1056 2386 1327 2454 navium
1378 2385 1596 2472 ,item
1652 2369 2138 2478 speculatoria⁴
2178 2383 2441 2479 navigia
2489 2381 2799 2453 militibus

747 2565 798 2618 5.
815 2565 892 2619 Ni
900 2565 1052 2617 vultis
1063 2564 1275 2637 aquilam
1290 2562 1514 2637 prodere.
1530 2560 1688 2615 Sum·
1776 2561 2048 2617 codicibus
2074 2601 2093 2631 ‚
2134 2585 2196 2617 ex
2234 2566 2471 2637 proximis
2521 2569 2711 2638 primis.

661 2663 810 2697 mum
823 2657 936 2697 erat
946 2642 1176 2697 dedecus
1189 2643 1420 2715 aquilam
1436 2640 1688 2714 perdereg
1856 2644 1987 2697 Cu.
2008 2644 2213 2697 xxvl.
2239 2663 2263 2697 ι
2274 2685 2288 2698 .
2304 2646 2582 2715 Pugnatum
2594 2658 2687 2709 est,
2709 2658 2795 2700 etc.

660 2735 715 2777 et
730 2742 792 2776 ea
807 2742 1080 2795 nunquam
1097 2725 1170 2776 ita
1187 2724 1244 2776 in
1256 2721 1543 2776 discrimen
1560 2741 1687 2794 pro-

655 2803 964 2874 jiciebatur,
996 2803 1099 2857 nisi
1130 2802 1448 2875 ancipitibus
1486 2800 1690 2855 dubiis·

660 2901 765 2954 que
780 2883 992 2955 preliis.
1008 2881 1204 2936 Similis
1227 2894 1402 2936 autem
1416 2879 1691 2935 fortitudi-

658 2963 743 3015 nis
776 2963 1015 3035 exempla
1051 2964 1400 3017 conferuntur
1439 2981 1469 3014 a
1499 2961 1682 3016 Valer.

659 3041 797 3094 Max.
815 3042 897 3095 111
911 3081 927 3108 ,
945 3063 994 3096 s.
1016 3043 1087 3097 Et
1107 3043 1212 3098 hoc
1227 3043 1458 3115 pertinet
1471 3040 1538 3095 ad
1555 3042 1684 3094 insi-

655 3139 813 3192 gnem
848 3121 1285 3177 consuetudinem
1321 3124 1685 3176 Romanorum

658 3198 726 3253 de
744 3219 847 3272 qua
869 3202 944 3256 sic
960 3204 1075 3256 Liv.
1100 3203 1138 3257 l.
1161 3221 1342 3257 xxxxv.
1362 3221 1477 3274 cap.
1495 3205 1590 3265 46.
1613 3201 1679 3271 Q.

660 3280 909 3332 Viceorius
922 3283 1160 3352 primipili
1178 3285 1402 3344 centurio,
1420 3292 1472 3333 et
1488 3279 1549 3334 C.
1569 3279 1686 3334 Aei-

654 3363 763 3412 nias
793 3361 1008 3413 tribunus
1037 3362 1239 3414 militam
1265 3356 1396 3423 (rens
1426 3364 1476 3412 in
1502 3363 1683 3430 asperis

641 3441 837 3510 praeliis
857 3459 983 3511 soepe
1007 3436 1268 3503 tentatam)
1295 3443 1438 3510 signa
1459 3440 1683 3510 aaebmpta

652 3522 899 3590 signiferis
925 3523 974 3572 in
991 3522 1144 3572 hostes
1162 3523 1454 3591 injecerunt:
1471 3521 1572 3573 etl.
1591 3537 1677 3585 vr,

654 3616 769 3690 cap.
788 3602 849 3654 8:
867 3601 1109 3653 Emissam
1124 3602 1464 3670 etiamsignam
1483 3598 1682 3652 Camilli

642 3682 785 3748 jussa
817 3685 866 3732 in
904 3683 1051 3732 aciem
1091 3680 1290 3732 hostium
1305 3680 1507 3747 strum,-
1541 3679 1681 3751 idque

652 3770 711 3809 at
728 3771 1032 3831 repeteretur,
1050 3764 1309 3812 concitatos
1321 3762 1677 3830 antesignanos.

735 3843 789 3893 6.
804 3840 892 3892 Ex
902 3844 1135 3911 proximis
1147 3840 1356 3895 navibus.
1374 3838 1546 3894 Codd.
1563 3858 1682 3912 per-

651 3919 808 3972 multi
819 3932 873 3973 et
884 3918 1007 3974 edd.
1020 3922 1347 3994 perantiqua
1368 3941 1429 3973 ea:
1443 3923 1679 3994 proximis

642 4002 816 4071 primis
837 4000 1049 4055 navibus.
1081 4003 1323 4074 Ingratus
1358 4014 1499 4055 certe
1525 4000 1676 4073 pleo-

649 4096 879 4145 nasmus,
891 4100 1050 4153 quem
1067 4082 1259 4136 merito
1270 4082 1519 4135 Hotman.
1539 4080 1673 4135 Scal.

649 4170 705 4211 et
729 4160 1048 4214 recentiores
1076 4164 1360 4233 ejecerunt.
1384 4161 1557 4215 Graec.
1592 4161 1674 4213 in-

651 4250 814 4309 terpr.
845 4240 886 4290 oi
920 4241 974 4291 ἐκ
997 4248 1095 4293 τῶν
1123 4243 1263 4311 ἐγγὺς
1288 4249 1403 4295 νιῶν
1425 4241 1671 4297 κατανοή-

651 4337 845 4380 σαντις.
895 4319 1053 4374 Extat
1106 4338 1320 4391 quoque
1365 4322 1424 4373 in
1478 4320 1674 4374 uostris

1774 2723 2029 2777 procla-e
2062 2736 2179 2777 tum
2210 2742 2265 2777 se
2294 2725 2452 2796 gessit
2489 2724 2566 2778 M.
2602 2727 2799 2780 Casius

1774 2802 1952 2856 Scoeva
1969 2841 1986 2868 ,
2008 2801 2251 2856 laudatus
2278 2821 2346 2856 eo
2369 2804 2587 2858 nomine
2616 2807 2793 2859 Valer.

1772 2881 1991 2936 Maxim.
2017 2884 2130 2948 111,
2153 2902 2212 2950 s,
2238 2884 2681 2958 ²3,etCels0‚p.
2703 2886 2793 2957 75.

1773 2961 1982 3016 Ouum..

1855 3062 1907 3096 a.
1936 3042 1996 3096 In
2025 3045 2278 3096 universos.
2299 3042 2440 3096 Male
2459 3043 2708 3099 Ciaccon.
2732 3062 2796 3098 ex

1770 3122 1956 3175 Ursini
1984 3120 2167 3176 codice
2200 3126 2251 3174 in
2275 3142 2477 3176 aversos.
2510 3124 2647 3177 Nam
2665 3163 2682 3190 ,
2724 3125 2795 3178 ait

1770 3200 1982 3268 Clarke,
1998 3202 2043 3256 si
2065 3206 2219 3255 amsi
2232 3215 2405 3257 essent
2416 3203 2667 3267 Romani,
2683 3222 2790 3256 non

1768 3292 1974 3335 tantum
1997 3281 2191 3354 pedem
2214 3282 2395 3337 tulisse
2410 3322 2429 3348 ‚
2450 3281 2542 3338 sed
2565 3283 2790 3353 turpiter

1765 3371 1910 3433 terga
1940 3360 2148 3415 dedisse
2178 3361 2482 3417 debuerunt
2500 3402 2518 3429 ,
2545 3359 2687 3435 quod
2718 3359 2787 3414 de

1766 3439 1876 3493 suis
1887 3441 2144 3495 militibus
2160 3442 2355 3496 fassum
2368 3443 2789 3497 fuisseCaesarem

1765 3538 1876 3573 non
1909 3534 1988 3575 est
2023 3520 2298 3576 credibile.
2335 3522 2504 3576 Grac.
2532 3524 2792 3594 interpres

1767 3601 1834 3661 sie
1863 3602 2158 3672 σύμπαντας
2174 3639 2191 3667 ,
2227 3615 2283 3655 et
2320 3600 2477 3656 codd.
2526 3603 2696 3656 nostri
2735 3603 2789 3655 in

1764 3698 2018 3734 universos.

1849 3761 1899 3814 3.
1929 3760 2144 3832 Scapha-e
2164 3762 2417 3832 longarum
2439 3764 2647 3816 narizan.
2675 3760 2791 3813 Sca-

1762 3838 1884 3911 pha
1900 3838 1967 3892 ad
1988 3839 2235 3894 eumdem
2258 3860 2414 3895 usum
2434 3837 2791 3895 accommoda·

1763 3931 1855 3985 ω,
1876 3920 1964 3973 cui
1982 3923 2218 3974 serviunt
2235 3922 2521 3986 navicula,
2540 3939 2671 3994 quas
2690 3938 2789 3974 vo·

1761 4013 1883 4055 cant
1907 4002 2104 4067 nostri,
2130 4002 2398 4074 chaloupes.

1842 4087 1896 4145 4.
1916 4080 2261 4153 Speculum-ia.
2281 4082 2387 4136 Seu
2408 4078 2759 4154 exploratoris
2771 4118 2788 4145 ,

1761 4161 1987 4231 quibus,
2012 4175 2074 4216 ut
2099 4164 2173 4216 ait
2202 4164 2410 4234 Veget„
2428 4162 2520 4215 lib.
2547 4181 2615 4227 v,
2636 4180 2703 4232 7,
2729 4178 2789 4211 ne

1760 4241 1966 4294 candor-e
1980 4243 2280 4315 prodantur,
2311 4243 2466 4294 colore
2501 4253 2675 4294 veneto
2702 4243 2788 4313 qai

1761 4324 1957 4375 'natiuis
1983 4334 2055 4377 ese
2065 4323 2300 4394 fluctibus
2321 4324 2488 4377 similis
2501 4363 2518 4387 ,
2545 4323 2660 4375 vela
2689 4324 2785 4373 tin·
