3111 5147
757 534 905 607 360
1068 535 1144 606 C.
1199 532 1482 605 JULII
1519 522 1998 602 ’C'AESARIS
2053 528 2599 599 COMMENT.

751 694 876 737 nus
916 666 1329 738 clandestinis
1381 667 1628 736 nuntiis
1670 662 2231 759 legationibusque
2275 661 2663 757 Allobrogas
2704 658 2885 731 solli-

753 759 970 862 citat⁸,
1002 795 1285 868 quorum
1321 788 1574 842 mentes
1609 769 1904 841 nondum
1948 769 2033 839 ab
2077 771 2414 864 superiore
2454 767 2666 837 bello⁹
2702 792 2881 837 rese·

753 879 923 950 disse
949 879 998 904 ¹⁰
1028 881 1350 977 sperabat.
1383 882 1644 948 Horum
1673 876 2077 972 principibus
2102 879 2413 971 pecunias
2435 930 2457 964 ,
2482 876 2732 946 civitati
2758 899 2878 943 au·

752 999 887 1055 tem
927 989 1275 1082 imperium
1329 988 1529 1053 totius
1576 984 1930 1080 provinciae
1983 982 2347 1078 pollicetur.

860 1095 1069 1162 LXV.
1125 1091 1229 1161 Ad
1265 1092 1389 1160 hos
1415 1115 1646 1159 omnes
1677 1113 1867 1159 casus
1902 1091 2167 1184 provisa
2201 1101 2389 1157 erant
2430 1086 2729 1184 praesidia
2768 1111 2879 1157 co-

753 1199 1045 1268 hortium
1091 1197 1371 1267 duarum
1405 1212 1472 1265 et
1496 1198 1768 1291 viginti,
1807 1219 1954 1289 quae
1983 1220 2064 1264 ex
2092 1197 2502 1292 ipsa'coacta
2538 1196 2877 1289 provincia

754 1304 840 1372 ab
893 1307 969 1373 L.
1022 1307 1279 1375 Caesare.
1338 1302 1554 1399 legato
1581 1302 1599 1326 ¹
1643 1301 1727 1371 ad
1784 1326 2013 1371 omnes
2074 1316 2294 1396 partes
2354 1299 2876 1395 opponebantur.

753 1408 1016 1490 Helvii,
1058 1435 1176 1479 sua
1220 1424 1454 1505 sponte
1511 1435 1666 1479 cum
1722 1408 2012 1478 finitimis
2055 1406 2279 1502 praelio
2321 1408 2702 1500 congressi,
2745 1406 2871 1502 pel·

753 1513 992 1585 luntur·
1010 1570 1031 1604 ,
1068 1531 1136 1585 et
1172 1520 1249 1587 C.
1289 1515 1557 1585 Valerio
1598 1519 1994 1584 Donotauro
2018 1566 2038 1602 ‚
2075 1514 2321 1583 Caburi
2364 1512 2499 1582 filio
2524 1567 2545 1600 ‚
2585 1514 2873 1609 principe

755 1621 1035 1691 civitatis
1070 1675 1090 1710 ‚
1129 1621 1707 1717 compluribusque
1771 1620 1909 1689 aliis
1964 1620 2321 1689 interfectis
2353 1672 2374 1707 ‚
2416 1622 2589 1688 intra
2641 1619 2873 1714 oppida
2944 1622 2954 1638 '

752 1752 1110 1823 murosque
1160 1727 1664 1822 compelluntur.
1719 1725 2152 1823 AllobrogeS‚
2194 1726 2439 1798 crebris
2481 1726 2567 1794 ad
2611 1724 2871 1794 Rhoda-

753 1858 915 1902 num
964 1833 1289 1929 dispositis
1335 1833 1692 1926 praesidiis,
1739 1857 1981 1929 magna
2035 1857 2189 1901 cum
2236 1855 2394 1901 cura
2442 1846 2517 1900 et
2548 1829 2873 1927 diligentia

757 1962 910 2007 suos
944 1938 1110 2008 fines
1152 1935 1475 2008 tuentur².
1520 1940 1742 2008 Caesar
1766 1991 1787 2027 ‚
1825 1937 2005 2033 quod
2042 1923 2310 2008 hostes³
2349 1940 2645 2032 equitatu
2691 1963 2871 2033 supe-

756 2131 972 2185 Norvic.
1002 2146 1057 2186 et
1078 2131 1245 2187 editio
1270 2135 1485 2188 Amstel.
1509 2153 1537 2187 a
1559 2134 1775 2188 Davisio
1821 2154 1826 2158 ’

757 2213 912 2264 citata
927 2212 1126 2267 babent
1141 2233 1199 2265 ac
1216 2214 1483 2267 Remorum.
1506 2215 1773 2268 Pessime:

1946 2153 1997 2204 9.
2023 2133 2109 2188 Ab
2137 2137 2372 2204 superiore
2400 2133 2537 2185 bello.
2560 2133 2769 2185 Novem
2794 2151 2873 2185 an·

1861 2214 1919 2266 ni
1944 2226 2147 2264 tantum
2177 2212 2602 2276 intercesserant,
2630 2213 2771 2265 inter
2799 2211 2873 2263 Al-

757 2311 883 2344 nam
898 2290 966 2344 de
981 2294 1160 2347 Remis
1175 2293 1279 2347 boc
1301 2294 1421 2346 loco
1448 2313 1559 2347 non
1585 2294 1774 2364 agitur,

759 2372 853 2442 qui
866 2386 991 2425 sunt
1001 2372 1158 2445 longe
1189 2375 1256 2426 ab
1282 2372 1655 2444 Allobrogibus
1667 2371 1776 2426 dis·

758 2451 862 2504 siti.
892 2452 958 2503 In
989 2452 1260 2505 nonnullis
1285 2451 1441 2504 editis
1465 2451 1617 2504 libris
1650 2453 1774 2502 Vol

758 2549 920 2582 carum
943 2528 1376 2602 Aremieorumque.
1405 2530 1595 2584 Unde
1580 2542 1773 2603 interp.

756 2626 955 2679 graecus
979 2602 1132 2680 Ᾰρεμί
1134 2630 1227 2662 κων
1256 2630 1312 2662 τι
1335 2608 1419 2662 καὶ
1441 2618 1537 2662 τῶν
1561 2611 1772 2663 Bolas-w.

757 2687 882 2741 Non
909 2686 1096 2740 dicunt
1107 2708 1200 2759 qm
1186 2688 1411 2742 suerint
1423 2690 1510 2742 isti
1525 2690 1772 2743 Aremici.

758 2767 919 2819 Certo
959 2781 1162 2821 constat
1205 2768 1397 2821 Volcas
1442 2768 1775 2823 Arecomicos

756 2846 915 2900 fuisse
944 2847 1146 2901 vicinos
1176 2848 1356 2900 Volcis
1381 2848 1773 2920 Tectosagibus.

843 2931 894 2981 8.
915 2927 1240 2981 Nihilominus
1269 2928 1570 2999 Allobrogas
1597 2929 1775 2981 sollici-

759 3018 850 3060 tat.
881 3007 999 3060 Hoc
1028 3008 1178 3073 loco,
1213 3010 1395 3080 Turpia
1425 3009 1485 3060 de
1514 3008 1702 3073 Crini,
1735 3020 1773 3061 t.

757 3104 833 3151 n,
862 3106 917 3158 p.
956 3088 1099 3153 115,
1129 3088 1296 3141 nescit
1343 3107 1447 3158 qus
1486 3087 1553 3142 de
1581 3107 1735 3142 causa
1757 3126 1774 3154 ,

755 3164 887 3218 dum
917 3168 1321 3238 Vercingetorix
1351 3168 1660 3239 Allobrogas
1678 3170 1780 3222 sol·

754 3244 948 3311 licitat,
968 3246 1156 3300 eodem
1170 3261 1409 3319 tempore
1427 3246 1673 3301 adversus
1686 3268 1775 3302 eos

756 3327 1046 3380 exercitum
1073 3327 1278 3394 mittat,
1310 3325 1457 3398 quod
1471 3328 1581 3381 suis
1610 3328 1775 3400 ipsius

755 3405 1050 3460 commodis
1078 3408 1403 3460 contrarium
1433 3406 1772 3461 demonstrat.

753 3485 827 3537 At
840 3487 1012 3540 Coesar
1023 3485 1154 3540 dicit
1162 3486 1410 3558 Vercing.
1428 3485 1675 3540 adversus
1682 3489 1773 3542 Al-

751 3564 997 3638 lobrogas
1058 3566 1344 3619 exercitum
1387 3566 1588 3619 misisse
1654 3567 1774 3638 qui-

754 3641 896 3711 dem,
904 3647 992 3697 sed
1002 3647 1192 3717 palam
1213 3644 1345 3698 dum
1370 3646 1507 3708 elam,
1525 3644 1773 3700 fidelibus

752 3726 961 3778 nunciis
989 3744 1080 3779 eos
1105 3725 1432 3779 sonicitahat.
1475 3726 1774 3798 Allobroga

750 3816 901 3862 erant
937 3805 1189 3859 Romanis
1220 3807 1381 3871 socii,
1420 3825 1584 3878 quare
1620 3818 1772 3858 utro·

752 3882 1025 3953 quemodo
1055 3885 1295 3940 tentandi
1311 3899 1479 3952 erant,
1504 3898 1557 3939 et
1571 3886 1768 3956 palam,

748 3962 922 4016 missis
966 3977 1150 4019 contra
1189 3985 1279 4020 eos
1326 3966 1523 4039 copiis,
1551 3977 1605 4019 et
1647 3967 1769 4019 clam

1860 2287 2189 2363 lobrogicum
2219 2291 2418 2344 bellum
2451 2303 2505 2344 et
2535 2292 2870 2362 Vercingeto-

1860 2372 1986 2442 rigis
2012 2371 2420 2425 sollicitationes.

1948 2468 2027 2503 10.
2059 2451 2315 2504 Resedisse.
2344 2451 2476 2514 Alii,
2513 2451 2749 2504 residisse.
2778 2451 2866 2503 Ea·

1862 2528 1983 2583 dem
2024 2531 2248 2585 varietas
2274 2530 2515 2584 lectionis
2561 2530 2709 2604 apud
2750 2529 2864 2584 Stat.

1861 2609 2005 2683 Sylv.
2035 2610 2072 2664 l.
2103 2630 2169 2677 ν,
2195 2613 2245 2665 3.
2282 2611 2446 2681 Bogus
2479 2612 2560 2663 ille
2587 2612 2778 2663 deorum
2806 2615 2863 2663 si-

1861 2689 2015 2742 det-at.
2045 2690 2129 2743 Al.
2169 2691 2357 2743 sederat
2378 2710 2397 2743 .·
2425 2703 2477 2743 et
2522 2691 2671 2763 apud
2700 2692 2864 2745 senec.

1860 2770 2018 2841 Trag.
2051 2771 2356 2841 Agamemn-
2390 2774 2520 2825 261.

1913 2866 1937 2891 κ
1947 2851 2130 2904 lusuque
2143 2850 2308 2892 flammis
2321 2853 2402 2905 jum
2418 2853 2654 2893 residentem
2668 2854 2846 2893 indm·

1858 2927 2060 2983 Eadem
2091 2949 2301 3002 quoque
2323 2948 2406 3001 ap.
2422 2930 2541 2983 Liv.
2561 2931 2599 2984 l.
2623 2948 2697 2997 11,
2714 2949 2761 2984 c.
2785 2949 2866 3001 ²9·

1865 3010 2025 3080 Quum
2055 3013 2142 3061 1⁶1·oe
2171 3010 2458 3063 resedissent.

1941 3090 2071 3144 Cn.
2090 3090 2258 3144 LXV.
2286 3108 2308 3143 1
2322 3129 2335 3143 .
2351 3090 2435 3143 Ab
2450 3090 2510 3142 L.
2538 3088 2735 3142 Coesare
2752 3091 2867 3160 Iege-

1863 3181 1927 3222 το.
1960 3171 2022 3222 L.
2057 3171 2229 3224 Caesar
2257 3188 2380 3223 cum
2409 3170 2486 3223 M.
2520 3169 2711 3240 Figulo
2748 3188 2863 3223 con·

1858 3250 2086 3303 sulatum
2108 3250 2264 3322 gessit
2287 3252 2350 3302 A.
2382 3251 2453 3303 U.
2484 3250 2547 3304 C.
2583 3252 2730 3319 690:
2756 3268 2863 3322 pos-

1861 3341 2047 3402 teaque
2063 3368 2081 3395 ,
2109 3342 2229 3383 orto
2253 3330 2395 3385 bello
2420 3329 2565 3383 civili
2579 3367 2596 3394 ‚
2634 3328 2860 3401 Pompeii

1860 3411 2100 3480 partibus
2120 3409 2323 3463 studuit
2335 3429 2352 3477 ;
2371 3411 2570 3463 invisus
2582 3428 2649 3463 eo
2662 3409 2859 3463 nomine

1858 3501 2041 3542 nostro
2072 3489 2267 3543 Coesari
2280 3528 2298 3556 ,
2357 3490 2578 3562 supplex
2636 3488 2859 3562 quamvis

1860 3568 2072 3633 fuisset,
2092 3569 2159 3620 ab
2181 3588 2246 3622 eo
2272 3569 2579 3624 interfectus
2602 3582 2698 3623 est.
2728 3569 2856 3623 Gon.

1902 3664 1907 3669 ·
1945 3666 1995 3701 2.
2027 3648 2151 3700 Suos
2171 3647 2291 3716 fines
2323 3662 2525 3702 tuentur.
2544 3649 2614 3703 Η.
2641 3651 2678 3702 l.
2705 3649 2857 3701 varie-

1858 3738 2018 3780 tatem
2045 3728 2289 3781 lectionis
2316 3749 2383 3782 ne
2409 3741 2728 3782 notaverunt
2751 3727 2855 3799 qui-

1857 3805 1979 3859 dem
2021 3806 2200 3861 Clark.
2228 3808 2402 3860 Davis-
2428 3819 2482 3860 et
2522 3806 2854 3876 Oudendorp.

1855 3886 2016 3939 Multi
2030 3886 2174 3939 enim
2185 3887 2382 3940 habent
2397 3906 2507 3940 suos
2519 3900 2725 3939 tuentur.
2741 3887 2855 3939 Nos-

1856 3966 1925 4018 tri
1963 3964 2120 4020 codd.
2166 3986 2274 4020 suos
2303 3965 2432 4037 finos
2462 3978 2682 4034 tuentur,
2712 3983 2853 4039 qum

749 4040 1236 4111 sollicitationibus,
1251 4058 1312 4099 ut
1323 4066 1378 4100 se
1404 4046 1650 4099 adversus
1664 4048 1767 4100 Ro-
1852 4045 2134 4101 lectionem
2174 4048 2483 4119 recipimus,
2521 4049 2688 4101 veluti
2732 4045 2851 4118 stylo

747 4119 1203 4179 manosdeclarare
1215 4137 1334 4179 tuto
1348 4140 1588 4199 possent,
1597 4146 1764 4199 quum

1854 4127 2074 4181 Caesaris
2090 4127 2253 4199 magis
2276 4125 2682 4181 accomodatam.
2698 4127 2849 4181 Grec.

749 4208 870 4251 ante
910 4218 966 4253 se
998 4205 1318 4273 exercitum,
1347 4207 1441 4279 qui
1463 4205 1764 4263 deficientes
1850 4206 1948 4261 int.
1981 4208 2070 4266 τὴν
2104 4214 2234 4277 σφῶν
2269 4207 2431 4277 χώραν
2463 4202 2845 4278 διαφυλάττουσι

746 4277 1072 4349 sublevaret,
1105 4283 1376 4343 vidissent.

1939 4289 1991 4341 3.
2009 4287 2178 4341 Caesar
2194 4286 2322 4359 quod
2333 4287 2502 4340 hostes.
2525 4287 2644 4341 Iam
2664 4282 2851 4339 ιιιοιιιιί·
