3111 5147
756 531 857 602 66
1058 535 1133 601 C.
1189 533 1473 601 JULII
1528 531 1997 599 CAESARIS
2052 531 2603 601 COMMENT.

753 665 823 734 hi
843 719 863 753 ‚
890 666 1003 759 qui
1043 666 1215 735 inter
1244 666 1454 732 aciem
1494 663 1951 751 versabantur,
1975 664 2237 735 tertiam
2280 664 2489 733 aciem
2532 660 2865 732 laboranti·

750 770 875 840 bus
918 773 1159 840 nostris
1202 769 1491 840 subsidio
1526 773 1719 839 misit.

859 879 1036 946 LIII.
1078 880 1184 946 Ita
1223 876 1521 972 praelium
1565 878 1938 946 restitutum
1981 891 2080 949 est
2098 928 2119 962 ‚
2155 889 2350 969 atque
2394 899 2622 944 omnes
2663 874 2868 943 hostes

750 999 935 1078 terga
979 998 1320 1053 verterunt
1337 1037 1357 1072 ‚
1384 1007 1597 1077 neque
1627 984 1809 1078 prius
1838 982 2065 1078 filgere
2099 982 2492 1051 destiterunt
2510 1033 2529 1066 ,
2556 1004 2754 1075 quam
2797 978 2866 1047 ad

749 1090 995 1160 flumen
1022 1090 1332 1158 Rhenum
1366 1088 1570 1158 millia
1609 1113 1922 1183 passuum
1956 1113 2039 1161 ex
2079 1113 2159 1157 eo
2201 1087 2349 1157 loco
2392 1088 2653 1156 circiter
2692 1087 2868 1179 quin-

748 1199 1069 1290 quaginta
1101 1195 1119 1219 ¹
1160 1197 1598 1292 pervenerint.
1642 1196 1747 1265 Ibi
1787 1197 2137 1290 perpauci,
2180 1209 2295 1263 aut
2347 1193 2596 1262 viribus
2648 1191 2868 1262 confisi

748 1317 1162 1372 transnatare
1205 1302 1688 1372 contenderunt
1706 1356 1725 1391 ,
1754 1317 1870 1371 aut
1909 1301 2211 1371 lintribus
2247 1301 2528 1369 inventis
2563 1298 2686 1368 sibi
2718 1297 2869 1368 salu·

748 1423 883 1476 tem
927 1425 1315 1504 repererunt
1335 1407 1375 1476 ².
1425 1410 1505 1477 In
1567 1407 1669 1477 his
1730 1408 1854 1478 fuit
1892 1409 2260 1477 Ariovistus
2283 1461 2302 1494 ,
2343 1409 2454 1500 qui
2504 1403 2866 1473 naviculam

746 1513 1097 1610 deligatam
1142 1515 1227 1583 ad
1268 1517 1479 1610 ripam
1522 1529 1755 1583 nactus
1773 1569 1792 1603 ‚
1820 1538 1898 1583 ea
1939 1513 2235 1609 profugit
2268 1538 2283 1580 :
2323 1511 2606 1606 reliquos
2648 1534 2867 1580 omnes

745 1624 1081 1691 consecuti
1122 1647 1159 1691 e
1254 1623 1373 1690 ites
1415 1622 1625 1689 nostri
1666 1620 2151 1690 interfecerunt.
2190 1621 2359 1688 Duae
2402 1618 2671 1687 fuerunt
2697 1618 2870 1687 Ario-

743 1729 893 1797 visti
933 1753 1172 1798 uxores
1219 1780 1240 1816 ,
1274 1751 1407 1797 una
1450 1729 1670 1795 Sueva
1710 1730 1977 1796 natione
1995 1781 2016 1815 ‚
2050 1751 2248 1821 quam
2291 1725 2376 1793 ab
2409 1724 2608 1793 domo
2653 1748 2868 1794 secum

741 1834 1104 1920 eduxerat3
1139 1831 1344 1901 altera
1388 1834 1636 1902 Norica
1656 1886 1675 1920 ‚
1705 1835 1875 1927 regis
1910 1834 2226 1903 Vocionis
2276 1856 2502 1920 soror,
2547 1853 2750 1924 quam
2807 1832 2868 1898 in

742 1937 960 2008 Gallia
999 1939 1278 2009 duxerat
1296 1993 1315 2028 ,
1341 1963 1383 2006 a
1424 1937 1627 2007 fratre
1669 1940 1934 2009 missam
1965 1965 1979 2007 ε
2014 1953 2308 2034 utraeque
2337 1940 2406 2006 in
2436 1961 2516 2005 ea
2558 1935 2719 2033 fuga
2759 1961 2867 2032 pe·

818 2129 949 2182 Ωιι).
978 2131 1126 2182 LIII.
1171 2149 1218 2183 1.
1251 2130 1416 2182 Millia
1446 2148 1583 2201 pass.
1624 2134 1764 2203 quin-

739 2213 987 2280 quaginta.
1003 2208 1174 2262 Codd.
1185 2222 1238 2262 et
1247 2207 1369 2263 edd.
1387 2210 1544 2281 prisc.
1561 2214 1764 2282 quiaque

738 2287 883 2359 quod
897 2308 1008 2342 non
1022 2289 1304 2342 verisimile
1320 2300 1413 2341 est.
1418 2288 1658 2354 Orosius,
1669 2290 1762 2361 qui

736 2369 979 2439 praelium
991 2369 1094 2422 hoc
1109 2366 1400 2460 descripsit,
1414 2372 1762 2441 quinquaginta

736 2449 931 2520 posuit.
971 2449 1197 2501 Variant
1237 2449 1396 2500 etiam
1428 2447 1634 2514 Graeci,
1666 2449 1760 2520 qui

734 2529 962 2600 spatium
1006 2546 1102 2599 per
1144 2525 1312 2581 stadia
1353 2528 1662 2582 metiuntur.
1694 2530 1757 2582 Ιιι

734 2608 1000 2661 Plutarch.
1028 2609 1230 2661 Caesare
1269 2625 1317 2660 c.
1354 2626 1451 2677 19,
1480 2607 1570 2660 alii
1600 2607 1756 2663 codd.

732 2682 936 2748 ςαδίους
959 2688 1286 2758 τριακοσίους,
1305 2686 1393 2739 alii
1418 2691 1757 2758 τιτρακοσίους

732 2766 1001 2820 exhibent.
1050 2768 1317 2838 Interpres
1361 2784 1513 2839 graec.
1559 2764 1758 2821 Στάὸωι

732 2848 1105 2916 τετταράκοντα
1130 2847 1274 2918 legit.
1307 2845 1546 2899 Stadium
1583 2860 1756 2902 autem

731 2938 934 2979 constat
955 2944 976 2978 1
992 2927 1061 2980 25
1090 2945 1223 2998 pass.
1245 2938 1298 2978 et
1319 2939 1440 2980 octo
1462 2925 1629 2980 stadia
1646 2927 1758 2980 effi-

728 3005 879 3059 ciunt
909 3006 1132 3059 milliare
1156 3009 1309 3060 Rom.
1337 3007 1418 3060 Ita
1438 3007 1548 3060 fere
1573 3006 1650 3060 M.
1673 3039 1754 3050 —

728 3084 992 3138 Mensura
1017 3084 1174 3140 codd.
1202 3099 1257 3139 et
1284 3089 1585 3158 conjectura
1605 3087 1753 3140 Beati

727 3165 974 3219 Rhenani
995 3167 1129 3218 mihi
1150 3165 1402 3221 videntur
1426 3167 1752 3239 probabilio-

726 3263 828 3297 res.
846 3247 899 3300 Is
916 3258 1090 3297 autem
1107 3243 1175 3298 ad
1195 3247 1514 3317 Apollinaris
1530 3244 1750 3313 AEdem,

726 3342 895 3395 prope
916 3323 1353 3390 Basileam,haud
1376 3325 1532 3396 longe
1552 3344 1584 3377 a
1607 3327 1749 3378 Rau-

725 3404 860 3456 racis
903 3404 1100 3474 campis
1145 3416 1199 3456 et
1239 3404 1428 3457 Rheno
1451 3441 1468 3469 ,
1506 3404 1747 3475 praelium

724 3482 884 3535 fuisse
918 3483 1254 3536 commissum
1283 3484 1573 3549 existiman
1605 3483 1747 3538 unde

722 3580 834 3614 uno
859 3580 1017 3615 cursu
1050 3560 1118 3614 ad
1142 3561 1341 3615 flumen
1366 3562 1625 3633 aufugisse
1645 3581 1745 3635 po-

725 3652 940 3694 tuerunt
966 3642 1235 3695 Germani.
1269 3642 1325 3695 Si
1354 3643 1495 3695 enim
1530 3661 1589 3694 ea
1628 3661 1744 3714 quse

722 3718 864 3775 dicta
888 3733 1011 3774 sunt
1038 3719 1105 3773 de
1131 3721 1320 3774 itinere
1343 3723 1473 3774 Caes.
1495 3723 1744 3776 avesun-

723 3802 800 3853 tio
826 3799 894 3853 ad
914 3801 1160 3853 Ariovist.
1187 3814 1509 3873 repetamus,
1535 3815 1741 3856 consta-

719 3880 802 3932 bit
827 3880 975 3932 illum
1002 3899 1030 3932 a
1045 3881 1304 3934 Vesuntio
1327 3879 1393 3934 ad
1418 3882 1739 3936 Ariovistum

717 3959 1098 4031 quinquaginta
1120 3961 1251 4013 mill.
1271 3959 1326 4014 id
1342 3973 1446 4028 est,
1463 3980 1484 4014 1
1500 3956 1578 4032 δὲ
1601 3962 1735 4016 leuc.

720 4039 924 4104 fecisse3
944 4051 997 4092 at
1015 4058 1126 4093 non
1154 4038 1416 4095 directum
1442 4042 1545 4095 iter
1566 4043 1737 4095 tenuit

721 4117 923 4182 Caesar,
955 4117 1049 4172 sed
1093 4125 1292 4173 obtuitu
1332 4121 1542 4175 incessit
1560 4160 1578 4187 ,
1619 4123 1735 4175 Iocis

718 4202 918 4265 apertis,
948 4210 1009 4249 ut
1040 4199 1232 4253 vitaret
1258 4198 1473 4254 insidias
1505 4196 1731 4267 (XL1);

716 4272 859 4327 unde
874 4275 1048 4346 plures
1056 4295 1244 4347 quam1
1260 4279 1289 4330 5
1304 4278 1438 4332 leuc.
1456 4297 1732 4350 peragrare

1851 2128 2060 2195 debuit,
2077 2141 2358 2201 antequam
2369 2147 2495 2182 cum
2509 2127 2691 2183 Ariov.
2710 2130 2869 2183 collo-

1849 2221 2114 2282 queretur.
2136 2210 2272 2262 Dein
2298 2210 2461 2274 ultra,
2478 2208 2678 2279 aliquot
2708 2208 2868 2262 leucis
2903 2214 2910 2219 “

1845 2308 2182 2361 progressus,
2219 2287 2519 2342 decertavit.
2554 2287 2724 2340 Porro
2757 2289 2867 2342 haec

1843 2366 2079 2422 incidere
2088 2366 2311 2421 debent
2290 2380 2437 2439 Juxta
2448 2367 2729 2420 Basileam:
2744 2387 2863 2421 nam

1846 2437 1912 2502 ab
1941 2448 2041 2502 hac
2065 2449 2198 2501 urbe
2232 2445 2298 2500 ad
2320 2447 2639 2500 vesuntium
2662 2448 2734 2501 25
2758 2449 2866 2502 fere

1843 2541 1969 2586 sunt
1981 2529 2144 2582 leucae
2162 2527 2282 2600 gall.
2293 2524 2378 2581 Ad
2386 2527 2674 2582 Txiboccos
2685 2546 2867 2599 perva-

1841 2622 2021 2681 gatum
2037 2627 2148 2662 esse
2158 2646 2174 2674 ,
2193 2620 2253 2661 ut
2268 2608 2445 2660 ferunt
2456 2626 2636 2680 graecae
2651 2627 2862 2662 mensu·

1840 2708 1946 2755 rai,
1976 2691 2265 2753 Cassarem,
2293 2688 2387 2759 qui
2413 2687 2482 2740 de
2511 2702 2809 2742 commeatu
2833 2708 2863 2742 a

1841 2768 2094 2840 Sequanis
2109 2780 2166 2821 et
2176 2765 2365 2820 AEduis
2392 2765 2702 2821 advehendo
2727 2767 2866 2822 solli·

1839 2849 1975 2901 citus
1991 2861 2103 2902 erat
2112 2859 2392 2940 ‚preterea
2407 2847 2735 2900 Ariovistum
2753 2860 2864 2901 tam

1839 2928 1995 3001 longe
2021 2947 2050 2980 a
2078 2928 2186 2981 suis
2225 2926 2422 2998 finibus
2458 2926 2718 2994 abfuisse,
2743 2928 2865 2999 quis

1838 3006 2017 3061 credat
2041 3006 2065 3058 Ρ
2104 3007 2396 3079 prasertim
2438 3024 2559 3059 cum
2609 3007 2657 3058 ei
2705 3008 2862 3061 tertia

1835 3105 1958 3158 pars
1975 3087 2355 3158 Sequanorum,
2369 3088 2478 3157 jam
2492 3105 2521 3138 a
2534 3104 2588 3138 se
2603 3099 2861 3159 occupata

1835 3167 2055 3221 sollicite
2068 3205 2085 3232 ,
2110 3167 2177 3220 ab
2200 3165 2474 3219 hostium
2457 3184 2672 3219 incursu
2701 3180 2757 3220 et
2780 3186 2865 3219 re·

1834 3247 2061 3300 bellione
2081 3245 2374 3299 incolarum
2394 3244 2727 3318 potissimum
2748 3265 2862 3300 ser·

1832 3324 2005 3380 vanda
2043 3337 2191 3379 esset.
2229 3325 2324 3379 His
2355 3326 2516 3397 igitur
2551 3327 2860 3398 perpensis,

1830 3405 2111 3458 lectionem
2158 3402 2314 3459 codd.
2369 3405 2572 3457 retineo
2594 3443 2612 3469 ‚
2651 3411 2862 3478 quinque

1831 3486 2121 3556 mc‘llc'apass.
2141 3503 2257 3555 quae
2270 3483 2517 3538 distantia
2530 3484 2652 3537 satis
2666 3504 2860 3558 magna

1829 3564 1962 3617 mihi
1984 3563 2193 3617 videtur
2214 3564 2519 3617 hominibus
2544 3583 2702 3617 cursu
2723 3584 2860 3619 con·

1828 3644 1989 3697 citato
2021 3644 2355 3715 fugientibus.
2414 3663 2424 3681 ¹

1911 3744 1962 3776 2.
2005 3724 2305 3795 Repererunt.
2351 3719 2523 3776 Codd.
2555 3722 2725 3775 nostri
2758 3722 2855 3777 ita.

1826 3803 2067 3874 Vulgata
2091 3809 2343 3874 petierunt.
2376 3802 2556 3854 Minus
2584 3802 2739 3856 bene.

1907 3883 1959 3936 3.
1990 3884 2122 3935 Duoe
2146 3885 2351 3950 suerunt
2377 3882 2617 3935 Ariovisti
2660 3902 2855 3934 mor-es.

1823 3962 1905 4015 De
1934 3963 2211 4016 Germanis
2239 3963 2313 4016 sic
2348 3962 2515 4014 Tacit.
2550 3962 2615 4014 18
2645 3980 2659 4014 ε
2685 3963 2858 4034 Prope

1821 4044 1916 4095 soli
1938 4043 2244 4096 barbarorum
2263 4042 2464 4112 singulis
2481 4041 2707 4093 uxoribus
2729 4061 2854 4093 con-

1822 4128 1942 4175 tenti
1964 4136 2105 4176 sunt:
2132 4125 2335 4193 exceptis
2362 4120 2615 4174 admodum
2639 4125 2822 4192 paucis
2835 4160 2853 4186 ,

1819 4207 1904 4274 qui
1937 4222 2031 4255 non
2059 4202 2280 4265 libidine,
2304 4201 2390 4254 sed
2420 4201 2480 4253 ob
2515 4200 2817 4253 nobilitatem
2834 4240 2852 4263 ‚

1812 4282 2030 4351 plurimis
2057 4286 2233 4353 nuptiis
2262 4282 2535 4334 ambiuntur·
