3111 5147
709 483 859 556 336
986 486 1062 553 C.
1116 484 1403 552 JULII
1459 481 1931 551 CAESARIS
1985 480 2565 551 COMMENT..

702 642 781 687 ac
818 641 1043 686 rursus
1076 639 1344 685 omnem
1387 614 1749 695 exercitum
1788 612 2217 682 contraheret
2238 596 2304 699 ⁵3
2348 638 2432 682 ne
2475 612 2797 709 profectio
2814 668 2836 704 ‚

701 737 858 792 nata
897 723 981 791 ab
1021 724 1259 791 timore
1291 720 1676 789 defectionis
1695 773 1717 807 ,
1750 717 1975 789 similis
2019 718 2193 813 fugae
2235 719 2609 797 videretur.

810 831 1057 898 XLIV.
1112 832 1273 897 Haec
1325 828 1641 921 cogitanti
1686 826 1983 895 accidere
2028 826 2167 894 visa
2206 840 2307 895 est
2348 825 2628 896 facultas
2674 826 2840 896 bene

703 934 1009 1031 gerendae
1035 936 1146 1002 rei.
1178 936 1352 1002 Nam
1379 958 1586 1027 quum
1612 934 1869 1002 minora
1899 933 1966 1000 in
2002 947 2219 1001 castra
2240 930 2258 955 ¹
2292 934 2511 1028 operis
2532 930 2553 956 ²
2591 935 2837 1029 perspi·

705 1041 919 1111 ciendi
961 1065 1160 1110 causa
1200 1040 1485 1109 venisset
1508 1092 1528 1125 ‚
1570 1037 2037 1109 animadvertit
2078 1037 2315 1108 collem
2339 1092 2359 1126 ‚
2399 1041 2513 1133 qui
2558 1040 2646 1107 ab
2690 1040 2838 1110 hos·

704 1147 880 1216 tibus
924 1146 1273 1217 tenebatur
1296 1199 1316 1232 ,
1372 1144 1693 1213 nudatum
1746 1143 2125 1214 hominibus
2149 1198 2168 1231 ‚
2223 1146 2334 1239 qui
2394 1147 2837 1240 superioribus

706 1252 935 1323 diebus
962 1254 1073 1321 vix
1105 1277 1242 1347 prae
1276 1250 1693 1320 multitudine
1728 1253 1910 1320 cerni
1939 1265 2215 1346 poterat.
2252 1250 2638 1321 Admiratus
2666 1278 2837 1346 quai·

706 1361 794 1428 rit
817 1385 900 1428 ex
929 1358 1220 1454 perfugis
1252 1383 1515 1428 causam
1538 1411 1559 1444 ‚
1584 1382 1870 1452 quorum
1911 1382 2191 1452 magnus
2233 1357 2319 1427 ad
2360 1383 2510 1427 eum
2548 1359 2838 1452 quotidie

705 1490 1022 1536 numerus
1070 1464 1465 1535 confluebat.
1520 1465 1887 1534 Constabat
1937 1466 2109 1533 inter
2160 1486 2391 1534 omnes
2411 1518 2429 1550 ,
2470 1465 2657 1559 quod
2702 1466 2837 1558 jam

706 1573 846 1666 ipse
895 1575 1117 1642 Caesar
1176 1596 1296 1666 per
1357 1568 1804 1666 exploratores
1864 1585 2272 1666 cognoverat
2290 1624 2311 1659 ,
2371 1572 2645 1641 dorsum
2701 1597 2839 1643 esse

705 1677 846 1772 ejus
861 1678 1006 1773 jugi
1032 1702 1241 1773 prope
1268 1702 1528 1773 aequum
1544 1731 1564 1765 ‚
1591 1676 1707 1746 sed
1741 1678 1921 1747 hunc
1944 1675 2306 1747 silvestrem
2328 1692 2396 1747 et
2418 1693 2775 1773 angustum
2790 1663 2835 1765 ³,

706 1809 837 1878 qua
885 1798 1056 1853 esset
1110 1783 1323 1853 aditus
1376 1784 1459 1853 ad
1514 1782 1788 1852 alteram
1844 1784 2068 1879 oppidi
2127 1799 2383 1878 partem
2416 1810 2440 1864 εΔ
2476 1784 2636 1855 huic
2694 1785 2834 1855 loco

707 1891 1132 1959 vehementer
1160 1887 1305 1958 illos
1339 1891 1572 1959 timere
1593 1943 1613 1976 ‚
1648 1915 1769 1961 nec
1794 1891 1932 1985 jam
1969 1889 2157 1960 aliter
2186 1892 2425 1960 sentire
2444 1943 2464 1979 ‚
2494 1916 2635 1960 uno
2676 1890 2836 1962 colle

705 1995 791 2065 ab
834 1997 1152 2066 Romanis
1192 2012 1519 2090 occupato
1538 1984 1586 2084 ⁴,
1610 1998 1663 2066 si
1703 1996 1984 2068 alterum
2019 1998 2419 2084 amisissent,
2449 1998 2612 2091 quin
2656 2022 2834 2093 paene

705 2100 1181 2172 circumvallati
1200 2156 1220 2191 ‚
1256 2117 1453 2197 atque
1498 2105 1680 2173 omni
1716 2106 1895 2174 exitu
1936 2120 2004 2174 et
2038 2103 2459 2201 pabulatione
2501 2103 2834 2174 interclusi

704 2209 1085 2279 viderentur
1113 2235 1129 2276 ε
1171 2208 1258 2279 ad
1296 2209 1477 2281 hunc
1509 2210 1943 2281 muniendum
1971 2210 2193 2282 locum
2218 2236 2452 2283 omnes
2493 2234 2535 2280 a
2562 2213 2835 2282 Vercin-

705 2318 998 2411 getorige
1030 2331 1356 2385 evocatos.

810 2424 1021 2492 XLV.
1079 2426 1223 2491 Hac
1267 2448 1339 2490 re
1384 2425 1650 2516 cognita
1672 2476 1691 2511 ‚
1735 2426 1957 2492 Caesar
1999 2424 2198 2492 mittit
2238 2423 2605 2519 complures
2646 2426 2825 2517 equi·

705 2543 849 2597 tum
904 2542 1156 2598 turmas
1196 2551 1276 2596 eo
1320 2525 1402 2595 de
1462 2527 1677 2597 media
1730 2543 1971 2616 nocte:
2019 2532 2093 2599 iis
2149 2533 2467 2626 imperat,
2508 2545 2584 2599 ut
2630 2527 2832 2625 paulo

707 2631 1170 2702 tumultuosius
1199 2632 1506 2701 omnibus
1536 2636 1605 2701 in
1634 2634 1794 2705 locis
1830 2652 2349 2731 pervagarentur
2371 2637 2412 2705 ¹.
2442 2640 2663 2706 Prima
2693 2637 2832 2707 luce

706 2763 1022 2833 magnum
1058 2763 1410 2807 numerum
1448 2740 2071 2834 impedimentorum
2120 2768 2204 2813 ex
2243 2745 2473 2815 castris
2517 2742 2834 2832 detrahi²‚

790 2949 843 3004 5.
884 2951 1084 3005 Omnem
1117 2954 1372 3004 exercitum
1410 2953 1724 3005 contr-aberet.

706 3030 835 3086 Suu
850 3045 904 3085 et
923 3031 1146 3085 Labieni
1168 3033 1372 3105 copias,
1390 3049 1521 3103 quas
1548 3029 1733 3086 adver·

1817 2951 2120 3007 Secundum
2152 2927 2388 3007 Probum
2404 2995 2419 3016 ,
2456 2963 2642 3021 νῶτον,
2685 2955 2837 3026 μετιέ-

1815 3053 1976 3105 φρινον
1999 3071 2016 3098 ,
2038 3036 2188 3106 §axia
2202 3073 2218 3099 ,
2234 3033 2435 3088 dicitur
2452 3047 2563 3088 tota
2582 3054 2708 3107 pars
2727 3054 2842 3107 pos-

704 3130 792 3166 sus
821 3111 1049 3165 Parisios
1084 3106 1638 3183 miseret(supr.34),
1673 3112 1729 3164 in

704 3209 876 3244 unum
904 3192 1223 3254 contraheret,
1248 3186 1587 3244 coadunaret.

787 3271 917 3324 Cu.
945 3271 1142 3324 XLIV.
1179 3289 1225 3323 ι.
1258 3271 1320 3325 In
1341 3274 1526 3322 minora
1547 3283 1727 3323 casu-a.

709 3346 831 3403 scil.
859 3350 917 3403 in
940 3368 1002 3402 ea
1025 3368 1144 3421 quoe
1170 3368 1328 3420 supra
1354 3349 1542 3401 collem
1570 3364 1732 3402 meta-

709 3439 793 3482 tus
823 3443 952 3483 erat.
981 3427 1109 3482 Vid.
1141 3447 1327 3500 supra,
1352 3446 1468 3500 cap.
1501 3429 1593 3482 36.

793 3528 845 3562 ο.
869 3509 1059 3579 Operis.
1086 3508 1400 3561 Munitionis
1426 3508 1678 3562 hostium.

793 3589 846 3642 3.
871 3588 976 3641 Sed
991 3589 1113 3639 laum:
1127 3590 1380 3639 silvestrem
1392 3600 1441 3639 et
1452 3601 1725 3660 angustum.

707 3666 859 3721 Hanc
882 3667 1163 3720 lectionem
1187 3668 1430 3721 revocavi
1460 3687 1524 3720 ex
1554 3669 1728 3724 omni·

708 3747 809 3800 bus
822 3785 839 3812 ‚
859 3758 976 3801 tum
998 3746 1222 3813 nostris,
1240 3759 1354 3799 tum
1374 3745 1725 3819 Oudendorp.

708 3825 865 3880 codd.
897 3827 1112 3898 Vulgat.
1150 3826 1270 3890 lect.
1311 3827 1400 3879 sed
1435 3828 1648 3880 silvestr-e
1682 3841 1732 3878 et

710 3918 986 3976 angustiam,
1016 3918 1070 3959 et
1097 3906 1211 3959 hoc
1237 3907 1303 3959 ab
1341 3907 1408 3960 iis
1443 3906 1732 3979 proficisci·

1817 3114 1981 3165 terior
2004 3115 2244 3184 corporis
2260 3152 2276 3178 ,
2291 3112 2437 3184 quod
2461 3133 2521 3166 ea
2549 3114 2751 3167 devexa
2773 3116 2842 3168 sit

1815 3189 2083 3256 deorsum,
2096 3207 2156 3246 ut
2179 3194 2355 3263 inquit
2372 3193 2567 3246 Festus.
2580 3193 2842 3246 Similiter

1814 3273 1937 3324 etin
1957 3273 2197 3325 animatis
2212 3272 2650 3344 ,parsposterion
2676 3271 2836 3324 Plau·

1815 3352 2136 3404 msinMilite
2154 3351 2299 3405 Glor.
2311 3354 2419 3403 Act.
2430 3367 2491 3415 11,
2503 3368 2573 3402 sc.
2587 3355 2642 3420 4,
2658 3369 2710 3403 v.
2729 3356 2824 3414 44.

1814 3436 1976 3483 Timeo
1999 3437 2113 3498 quid
2135 3435 2527 3500 rerumgesta-im
2546 3452 2559 3481 :
2582 3436 2650 3482 ita
2665 3436 2830 3483 dorm

1936 3526 2062 3562 totus
2084 3517 2250 3578 prurit.

1815 3588 1927 3640 Nec
1958 3590 2119 3660 igitur
2135 3602 2214 3642 est
2242 3608 2395 3643 causa
2419 3609 2517 3643 cur
2543 3587 2702 3643 oodd.
2725 3590 2828 3643 lec·

1815 3669 2017 3720 tionem
2048 3670 2387 3740 exagitemus.

1896 3753 1949 3810 4.
1989 3748 2098 3800 Uno
2119 3749 2237 3802 colle
2258 3749 2321 3800 ab
2340 3749 2572 3801 Romanis
2591 3760 2828 3820 occupato.

1814 3826 1983 3898 Supra
1999 3865 2016 3892 ,
2047 3845 2094 3881 c.
2129 3831 2220 3882 36.

1892 3907 2024 3961 Cn.
2054 3907 2222 3961 XLV.
2272 3926 2293 3961 1
2307 3949 2321 3961 .
2359 3908 2597 3961 Omnibus
2637 3912 2687 3959 ἰιι
2721 3909 2828 3964 locis

709 3998 829 4052 tur,
856 3987 951 4058 qui
993 3986 1072 4039 rei
1110 3987 1458 4058 grammatica
1499 3987 1731 4040 nimium
1804 4000 2200 4060 pervagarentur.
2219 3987 2448 4053 Gallice,
2461 3988 2621 4040 batere
2636 3991 2681 4040 le
2688 4006 2825 4059 pays.

708 4064 961 4131 studiosi,
1007 4066 1320 4138 ignorabant
1364 4066 1503 4120 hanc
1543 4086 1730 4120 vocem
1813 4098 1895 4110 -—
1915 4068 2285 4120 Tumultuosius.
2311 4068 2485 4131 Quam
2518 4068 2635 4120 fleri
2660 4067 2801 4121 solet.

710 4143 868 4197 fuisse
893 4146 1179 4219 antiquitus
1202 4145 1476 4201 masculini
1504 4148 1728 4218 generis.

709 4223 1042 4296 ——Dorsum,
1073 4230 1117 4290 ἰ,
1149 4245 1206 4282 n.
1236 4227 1501 4290 etdorsus,
1535 4235 1621 4293 as,
1652 4247 1726 4282 m.

1900 4166 1950 4201 2.
1969 4148 2141 4199 Prima
2154 4148 2333 4201 lucem.
2354 4146 2549 4198 detrahi
2552 4157 2573 4208 ',
2588 4148 2831 4198 mulabus-

1815 4245 1904 4301 que
1918 4266 1932 4290 ,
1954 4240 2045 4282 etc.
2061 4226 2515 4300 simplicissimam
2529 4240 2583 4282 et
2593 4225 2832 4282 nitidissi-
