3111 5147
634 2941 655 2950 ”
716 2959 812 3001 tra.
848 2949 949 3001 On.

702 502 879 584 *Iol*
1016 501 1091 568 C.
1147 499 1430 568 JULII
1486 497 1955 566 CAESARIS
2009 495 2558 565 COMMENT.

725 634 1087 702 sententias·
1115 635 1457 727 exquirere
1489 634 1707 725 coepit.
1734 632 1890 719 Quo
1918 633 1984 699 in
2018 628 2326 717 consili0‚
2353 655 2560 724 quum
2589 643 2842 700 tantum

722 741 1047 833 repentini
1073 756 1079 763 '
1104 739 1378 834 periculi
1437 752 1676 832 praeter
1733 738 2109 832 opinionem
2164 735 2539 824 accidisset,
2576 760 2653 806 ac
2704 735 2844 830 jam

722 847 945 914 omnia
996 845 1130 914 fere
1183 847 1521 939 superiora
1570 842 1716 913 loca
1754 842 2170 913 multitudine
2213 857 2618 912 armatorum
2661 867 2842 912 com-

721 950 900 1046 pleta
942 944 1513 1045 conspicerentur,
1541 974 1754 1043 neque
1796 949 2082 1019 subsidio
2125 948 2373 1035 veniri,
2410 973 2620 1042 neque
2649 958 2844 1019 'com-

721 1072 977 1125 meatus
1033 1058 1406 1151 supportari
1462 1055 1827 1125 interclusis
1886 1054 2226 1124 itineribus
2285 1069 2554 1149 possent
2574 1107 2594 1141 ,
2635 1078 2845 1149 prope

715 1162 853 1255 jam
897 1157 1265 1256 desperata-
1297 1162 1541 1249 salute,
1576 1160 1907 1230 nonnullae
1948 1159 2328 1253 hujusmodi
2372 1161 2704 1237 sententiae
2749 1160 2843 1228 di-

722 1266 1064 1356 cebantur,
1090 1284 1198 1357 ut,
1224 1268 1704 1362 impedimentis
1732 1267 2005 1356 relictiS,
2028 1268 2371 1361 eruptione
2399 1264 2843 1353 facta,iisdem

718 1373 1060 1442 itineribus
1075 1374 1363 1469 ,quibus
1404 1399 1485 1444 eo
1526 1375 2019 1469 pervenissent,
2053 1372 2139 1441 ad
2181 1370 2455 1442 salutem
2500 1372 2846 1441 contende·

722 1493 887 1547 ient.
934 1481 1175 1573 Majori
1206 1496 1428 1551 tamen
1470 1482 1643 1599 parti
1684 1479 1967 1597 placuit,
1991 1479 2121 1548 hoc
2162 1492 2495 1548 reservato
2532 1477 2616 1547 ad
2644 1493 2846 1547 extre-

720 1609 908 1653 mum
962 1586 1269 1675 consili0‚
1308 1588 1600 1702 interim
1623 1588 1718 1655 rei
1772 1600 2082 1655 eventum
2141 1571 2486 1679 experiri⁴,
2526 1598 2595 1653 et
2633 1599 2843 1654 castra

719 1688 1143 1763 defendere.-

826 1798 944 1866 IV.
1002 1798 1198 1867 Brevi
1250 1799 1460 1892 spatio
1520 1796 1864 1889 interjecto
1884 1849 1904 1884 ,
1944 1797 2052 1865 vix
2111 1809 2188 1865 ut
2245 1796 2345 1865 his
2406 1795 2602 1866 rebus
2629 1849 2651 1883 ,
2685 1821 2844 1890 quas

722 1905 1213 1972 constituissent
1231 1955 1251 1989 ,
1279 1901 1675 1972 collocandis
1698 1901 1714 1926 ¹
1755 1916 1951 1996 atque
2004 1901 2531 1972 administrandis
2586 1917 2843 1998 tempus

721 2006 1020 2095 daretur,
1052 2008 1275 2077 hostes
1316 2033 1397 2078 ex
1441 2008 1746 2077 omnibus
1789 2009 2083 2102 partibus
2104 2061 2124 2095 ,
2160 2009 2347 2102 signo
2389 1998 2580 2096 dato,
2611 2007 2842 2079 decur-

721 2136 867 2180 rere
888 2111 1188 2209 ,lapides
1231 2111 1570 2209 gaesaque²
1605 2117 1674 2182 in
1708 2114 1970 2183 vallum
1986 2114 2355 2207 conjicere:
2391 2116 2599 2189 nostri
2630 2114 2843 2209 primo

718 2219 990 2313 integris
1040 2220 1286 2290 viribus
1334 2221 1591 2291 fortiter
1617 2245 2040 2352 3repugnare,
2075 2245 2288 2314 neque
2339 2218 2548 2289 ullum
2601 2218 2842 2289 frustra

720 2325 927 2395 telum
963 2351 1043 2395 ex
1085 2326 1232 2397 loco
1261 2312 1640 2423 superiore³
1671 2329 1969 2398 mittere:
2002 2342 2077 2396 ut
2104 2351 2381 2421 quaeque
2415 2350 2567 2421 pars
2603 2341 2841 2397 castro-

1906 2552 1957 2608 3.
1991 2552 2079 2606 Ex
2108 2551 2211 2605 loco
2251 2555 2505 2624 superiore.
2549 2552 2652 2607 Hic
2692 2553 2838 2608 locus

1822 2630 1957 2684 mire
1972 2632 2226 2685 cruciavit
2238 2634 2549 2704 interpretes
2565 2652 2578 2686 :
2593 2651 2735 2699 nam,
2755 2634 2834 2686 in·

1823 2712 2045 2782 quiunt,
2080 2712 2220 2765 Galli
2271 2711 2411 2765 edita
2462 2712 2577 2765 loca
2627 2713 2836 2766 armatis

1822 2791 2241 2862 compleverant3
2260 2792 2485 2844 Romani
2514 2804 2699 2846 contra
2727 2792 2834 2845 val·

1819 2870 1944 2935 lem,
1953 2869 2009 2922 id
2019 2884 2113 2935 est,
2127 2870 2375 2923 inferiora
2386 2871 2499 2926 loca
2510 2872 2833 2925 obtinebant.

1822 2951 1915 3002 Ast
1935 2950 1989 3003 h.
2007 2951 2044 3003 l.
2068 2948 2177 3002 duo
2189 2962 2319 3003 sunt
2336 2949 2797 3004 animadvertenda
2820 2969 2834 3003 τ

718 2571 827 2606 nou
843 2558 1146 2625 agnoscunt.
1163 2549 1411 2606 scribunt
1422 2552 1564 2606 enim
1575 2550 1737 2606 modo

718 2634 980 2694 consilium,
990 2632 1152 2684 modo
1165 2633 1410 2684 concilium
1420 2633 1735 2704 promiscue.

813 2718 864 2774 4.
911 2713 1002 2763 Rei
1041 2724 1250 2765 eventum
1290 2716 1506 2782 experiri.
1552 2712 1639 2765 Sic
1686 2725 1739 2765 et

719 2789 869 2844 Curt.
888 2808 995 2843 vni
1010 2828 1027 2856 ,
1056 2810 1078 2845 1
1094 2793 1143 2844 3.
1170 2790 1304 2845 Edd.
1336 2803 1463 2843 vett.
1482 2792 1738 2845 omittunt

718 2875 802 2921 rei.
834 2871 1060 2923 Ursinus
1088 2871 1313 2925 malebat
1341 2874 1561 2942 opperiri.
1587 2871 1738 2923 Frus-

795 3028 925 3083 CAP.
964 3029 1063 3082 IV.
1117 3048 1165 3083 1.
1215 3028 1534 3084 Collocandt‘s.
1576 3031 1735 3084 Insti-

714 3107 951 3174 tuendis,
968 3107 1325 3181 disponendis.
1347 3108 1514 3163 Grac.
1539 3111 1733 3183 interp.

712 3183 1022 3241 διατάσόιιν.

801 3288 850 3320 2.
880 3267 1134 3339 Goesaque.
1159 3266 1335 3332 Gau,
1352 3268 1522 3338 jacula
1542 3267 1736 3338 quibus

712 3348 999 3401 utebantur
1036 3346 1229 3399 milites
1256 3346 1387 3399 levis
1427 3359 1732 3413 armaturae,

712 3425 978 3498 imprimis
1003 3444 1086 3496 ap.
1108 3425 1355 3479 barbaras
1372 3439 1568 3497 gentes.
1584 3425 1730 3481 Suid.

710 3505 770 3557 in
801 3510 966 3559 Γαῖσα.
998 3516 1049 3557 et
1078 3504 1253 3570 Γεσοὶ,
1284 3505 1441 3558 fuisse
1470 3503 1601 3558 dicit
1628 3526 1735 3559 κον-

708 3586 850 3647 τοὺς,
879 3598 933 3639 et
960 3587 1193 3656 μακρόθεν
1223 3588 1530 3649 κεντοῦντας,
1557 3597 1610 3638 et
1636 3576 1728 3638 οἷον

708 3659 919 3736 δόρατα.
953 3662 1081 3716 Vid.
1112 3662 1338 3735 Hesych.
1378 3663 1435 3715 in
1465 3659 1626 3724 Γαιὶς.
1652 3664 1727 3717 M.

716 3742 883 3797 Goesa.
916 3743 1099 3797 Festus
1123 3742 1254 3797 dicit
1282 3760 1391 3797 esse
1410 3761 1568 3813 grave
1590 3744 1732 3814 jacu-

705 3823 854 3888 lum;
871 3824 1073 3889 Livius,
1090 3836 1286 3894 agreste
1307 3823 1488 3889 telum,
1506 3823 1589 3876 vel
1606 3841 1732 3877 con-

708 3913 823 3956 tum
864 3901 1020 3974 longe
1063 3903 1337 3957 ferientem
1352 3940 1369 3968 ,
1400 3921 1507 3974 quo
1552 3916 1729 3956 tamen

706 3983 791 4035 usi
819 3995 941 4035 sunt
962 3983 1077 4035 Afri
1098 3995 1151 4035 et
1171 3981 1486 4036 Macedones
1500 4020 1517 4048 ,
1538 3995 1600 4035 ut
1620 3981 1727 4036 dis-

707 4061 876 4116 cimus
897 4081 959 4115 ex
983 4061 1149 4116 Statio
1162 4075 1214 4114 et
1227 4061 1318 4116 Sil.
1335 4063 1452 4116 Ital.
1470 4063 1662 4126 ;immo
1676 4074 1729 4115 et

705 4141 933 4193 Romani
964 4141 1091 4212 ipsi,
1132 4153 1193 4194 ut
1232 4160 1330 4194 nos
1361 4140 1518 4196 docet
1544 4142 1726 4195 Livius

705 4220 819 4291 ipse
846 4219 986 4272 libro
1014 4238 1151 4288 vm,
1167 4238 1283 4291 cap.
1308 4222 1361 4273 8.

1829 3018 1893 3081 1⁰
1915 3029 2054 3083 Gaui
2076 3046 2188 3082 non
2210 3029 2380 3082 solum
2401 3030 2514 3083 loca
2534 3029 2677 3086 edita
2698 3023 2838 3083 com·

1820 3109 2123 3180 pleverant‚
2108 3128 2121 3141 ·
2139 3107 2231 3162 sed
2256 3122 2308 3162 et
2333 3110 2436 3181 ipsi
2457 3131 2518 3162 ex
2536 3110 2768 3163 montibus
2786 3114 2836 3160 in

1818 3188 1996 3240 vallem
2006 3189 2331 3251 decurrerant,
2350 3189 2472 3241 undo
2486 3189 2584 3241 tela
2598 3191 2836 3243 cominus

1812 3265 2066 3321 *adversus
2079 3269 2343 3320 Romanos
2356 3268 2681 3361 conjiciebant.
2698 3262 2830 3340 (sup.

1819 3364 1864 3399 c.
1894 3366 1944 3399 2.
1953 3343 2009 3412 );
2045 3336 2111 3399 2⁰
2156 3347 2406 3400 Romanis
2436 3361 2547 3400 erat
2587 3349 2644 3400 in
2686 3366 2834 3400 more

1816 3426 2052 3496 positum
2080 3438 2247 3479 castra
2274 3428 2463 3479 metari
2493 3427 2549 3479 in
2570 3427 2701 3480 locis
2722 3424 2833 3479 edi-

1817 3505 1918 3558 tis:
1937 3524 2101 3576 porro
2112 3524 2220 3558 non
2237 3504 2367 3559 adeo
2379 3505 2533 3598 plana
2547 3506 2651 3559 fuit
2662 3506 2835 3570 vallis»,

1818 3584 1948 3655 quin
1995 3585 2052 3637 in
2091 3602 2150 3637 ea
2184 3586 2420 3657 potuerit
2455 3584 2650 3639 editior
2684 3604 2835 3656 repe-

1816 3663 1912 3715 riri
1934 3663 2112 3729 locus,
2134 3663 2314 3718 unde
2300 3664 2419 3736 ipsi,
2445 3677 2688 3737 respectu
2717 3664 2837 3717 Gal-

1814 3741 2028 3795 lorum
2013 3762 2068 3795 in
2090 3744 2278 3797 vallem
2301 3742 2717 3808 decurrentium,
2747 3762 2834 3796 su-

1814 3822 2048 3893 periores
2077 3837 2263 3877 essent.
2294 3823 2433 3876 Male
2461 3823 2622 3895 igitur
2650 3822 2831 3877 Horm-

1815 3922 1875 3953 cx
1903 3904 2123 3970 infitior-e
2162 3903 2282 3955 Ioco.
2318 3901 2369 3954 N
2371 3921 2440 3955 on
2473 3915 2648 3956 autem
2691 3914 2834 3956 tanta

1812 3999 1985 4053 neque
2016 3979 2147 4036 adeo
2173 3983 2345 4054 perite
2381 3982 2570 4035 selecta
2614 3982 2834 4035 summi·

1813 4071 1890 4113 tes
1905 4099 1922 4126 ,
1941 4079 2060 4133 quae
2087 4073 2254 4115 essu-a
2282 4060 2349 4113 ab
2378 4061 2676 4133 irruptione
2706 4059 2834 4114 Gal·

1810 4139 1989 4194 lorum
2016 4153 2327 4213 protegeret.
2360 4138 2488 4195 Vid.
2519 4159 2664 4212 supr.
2696 4158 2741 4193 c.
2783 4157 2832 4205 1,

1814 4232 1866 4271 et
1881 4219 1955 4273 ibi
1985 4232 2163 4274 notam
2194 4220 2245 4273 5.
