3111 5147
751 580 893 650 192
1059 555 1138 622 C.
1192 552 1472 620 JULll
1526 550 1983 619 CAESARIS
2036 547 2628 643 (ἸΟΜΜΕΝΤ.Δ

846 688 1069 756 XXII.
1124 687 1308 754 Dum
1343 684 1487 753 haec
1523 685 1593 752 in
1625 683 1728 751 his
1764 681 1925 750 locis
1959 694 2313 775 geruntur,
2346 678 2875 753 Cassivellaunus

742 794 827 862 ad
855 793 1200 880 Cantium,
1234 790 1416 886 quod
1454 815 1596 859 esse
1632 788 1716 856 ad
1751 812 1934 856 mare
1976 811 2177 892 supra
2219 787 2818 858 demonstravimus
2834 788 2878 876 ¹,

742 900 980 994 quibus
1031 897 1409 994 regionibus
1458 911 1744 990 quatuor
1792 919 1981 989 reges
2030 908 2396 1012 praeerant,
2450 895 2877 989 Cingetorix,

745 1005 1070 1076 Carvilius
1080 1001 1582 1097 ,Taximagulus
1604 1055 1623 1090 ,
1641 1004 1978 1096 Segouax,
1998 1002 2276 1069 nuncios
2301 1001 2503 1069 mittit
2512 1014 2756 1133 ‚atque
2781 1002 2878 1071 his

743 1109 1091 1208 imperat²,
1126 1112 1262 1198 uti,
1298 1109 1542 1178 coactis
1583 1109 1890 1177 omnibus
1938 1108 2180 1202 copiis,
2209 1122 2427 1177 castra
2462 1093 2753 1176 navalia3
2800 1107 2876 1176 de

681 1209 686 1212 ’
743 1219 1106 1314 improviso
1132 1217 1516 1286 adoriantur
1545 1230 1741 1310 atque
1779 1229 2186 1309 oppugnent.
2226 1215 2284 1282 Ii
2308 1238 2514 1308 quum
2547 1214 2634 1282 ad
2664 1228 2878 1284 castra

745 1327 1118 1412 venissent,
1164 1325 1408 1411 nostri,
1454 1324 1800 1418 eruptione
1849 1320 2068 1409 facta,
2116 1318 2337 1389 multis
2393 1345 2627 1389 eorum
2681 1323 2873 1390 inter·

747 1430 936 1502 fectis
951 1484 971 1519 ,
1017 1445 1215 1524 capto
1263 1432 1462 1499 etiam
1513 1427 1718 1498 nobili
1763 1427 1933 1497 duce
1990 1413 2463 1522 Lugotorige,
2504 1451 2662 1496 suos
2701 1429 2873 1497 inco·

745 1535 957 1606 lumes
1013 1536 1434 1605 reduxerunt.
1484 1533 2054 1623 Cassivellaunus,
2096 1535 2226 1603 hoc
2264 1531 2490 1628 praelio
2528 1536 2874 1623 nunciato,

747 1659 850 1713 tot
899 1644 1303 1714 detrimentis
1347 1643 1668 1737 acceptiS‚
1708 1643 1979 1710 vastatis
2028 1640 2305 1728 finibus,
2356 1641 2642 1709 maxime
2685 1642 2873 1710 etiam

747 1766 1089 1879 permotus
1106 1748 1473 1818 defectione
1491 1749 1834 1817 civitatum
1845 1747 2129 1841 ‚legatos
2144 1772 2264 1842 per
2278 1747 2667 1816 Atrebatem
2681 1750 2871 1816 Com-

749 1840 995 1924 mium⁵
1041 1855 1123 1923 de
1176 1855 1507 1924 deditione
1560 1853 1646 1922 ad
1695 1856 2025 1924 Caesarem
2084 1855 2301 1923 mittit.
2358 1857 2585 1923 Caesar
2604 1908 2624 1943 ,
2676 1879 2873 1948 quum

750 1963 1080 2030 statuisset
1110 1961 1449 2030 hiemem
1429 1985 1502 2028 m
1543 1961 1907 2029 continenti
1935 1974 2210 2054 propter
2242 1962 2620 2054 repentinos
2650 1959 2872 2030 Galliae

752 2083 970 2135 motus
1013 2051 1269 2161 agere⁶,
1301 2090 1513 2160 neque
1555 2065 1839 2135 multum
1876 2067 2117 2134 aestatis
2147 2080 2551 2159 superesset,
2580 2080 2780 2161 atque
2813 2065 2875 2133 id

751 2172 943 2242 facile
984 2173 1239 2243 extrahi
1280 2197 1473 2267 posse
1516 2171 1942 2266 intelligeret,
1977 2170 2237 2240 obsides
2270 2173 2581 2265 imperat3
2617 2187 2687 2241 et
2728 2172 2876 2266 quid

749 2283 822 2354 in
848 2305 1056 2350 annos
1080 2279 1372 2376 singulos
1394 2277 1764 2373 vectigalis⁷
1790 2276 2037 2372 populo
2060 2300 2335 2347 romano
2357 2280 2698 2348 Britannia
2721 2303 2873 2374 pen·

828 2509 962 2562 Cu».
989 2509 1167 2561 xxn.
1205 2527 1252 2561 1.
1284 2507 1444 2579 Supra
1478 2506 1771 2559 ἅπτουσιν-α-

756 2592 916 2644 vimus.
938 2589 1000 2642 C.
1040 2589 1127 2642 13.

1858 2506 1943 2560 vel
1979 2525 2008 2559 a
2040 2508 2243 2560 Coesare
2278 2505 2496 2573 missus,
2524 2506 2610 2561 vel
2646 2507 2712 2560 ab
2752 2506 2878 2578 ipsis

1858 2588 2125 2641 Britannis
2154 2601 2416 2641 evocam.

840 2687 890 2720 ².
921 2668 1145 2737 Imperat.
1182 2666 1396 2719 Summa
1421 2665 1565 2719 enim
1591 2686 1772 2719 rerum

756 2744 825 2798 ad
850 2764 973 2799 eum
998 2744 1167 2798 fuerat
1192 2744 1360 2799 delata
1377 2783 1393 2812 ,
1413 2759 1473 2798 ut
1499 2765 1643 2817 supr.
1656 2746 1769 2801 vid.

753 2838 913 2897 mput
939 2844 962 2878 1
981 2844 1025 2879 1.

841 2906 891 2960 3.
926 2904 1099 2957 Castra
1124 2905 1330 2959 navalia.
1359 2906 1541 2958 Castra
1567 2905 1624 2957 in
1656 2925 1773 2977 quae

754 3004 914 3039 naves
934 2984 1203 3038 subductae
1228 2986 1452 3038 fuerant.
1469 2984 1594 3056 Sup.
1613 3004 1658 3038 c.
1680 3004 1702 3038 1
1722 3005 1743 3038 1
1755 3027 1768 3039 .

837 3073 889 3130 4.
923 3067 1231 3136 Lugotorige.
1256 3066 1340 3118 Al.
1371 3066 1525 3135 Cinge
1500 3069 1680 3134 etot-ige
1707 3084 1772 3117 ex

754 3146 949 3200 multis.
954 3145 1124 3200 codd.
1128 3146 1563 3199 contraHotman.
1574 3146 1770 3198 Brantii

751 3225 1002 3319 Bongars.
1031 3246 1114 3297 pr.
1139 3226 1385 3279 Vossiani
1405 3244 1589 3279 omnes
1612 3226 1773 3297 Lugo-

752 3309 927 3375 torige,
938 3307 1259 3374 Lutogonige·
1270 3306 1452 3359 Celeus
1465 3297 1769 3375 [egomt-ige.

752 3386 824 3436 At
864 3401 1062 3455 graecus
1099 3385 1391 3454 interpres,
1423 3386 1682 3454 Κιγγιτόρι
1666 3404 1770 3454 ι.γα

756 3463 937 3517 Nostri
959 3482 1171 3534 quoque
1200 3461 1356 3517 codd.
1384 3463 1605 3516 variant.
1634 3462 1769 3518 cod.

754 3545 819 3596 R.
835 3544 904 3614 57
914 3544 1323 3612 63,Lugoton'ge.
1336 3540 1495 3595 Unde
1511 3562 1625 3595 rem
1640 3542 1771 3595 diri-

752 3642 899 3676 mere
945 3621 1234 3677 admodum
1275 3622 1345 3675 sit
1390 3620 1624 3676 difficile.
1659 3624 1772 3692 Ego

751 3716 961 3768 autem,
1005 3715 1262 3774 quantum
1308 3702 1566 3772 conjicere
1611 3702 1771 3770 licet,

754 3782 854 3839 hos
871 3795 1099 3854 quatuor
1113 3801 1259 3853 reges
1271 3800 1434 3853 supra
1453 3796 1770 3837 memoratos

754 3861 913 3915 duces
942 3865 1193 3934 cujusque
1212 3860 1487 3917 divisionis
1515 3864 1771 3917 exercitus

752 3942 1773 4014 existimo‚quimeaseivellaunusp1-oe-

753 4022 935 4077 fecerit
951 4042 1218 4079 summum
1232 4020 1422 4077 ducem
1431 4022 1769 4093 Lugotorige.

752 4104 942 4156 Ans-ex
968 4103 1147 4168 suerit,
1174 4120 1355 4165 necne,
1389 4104 1650 4155 incertum
1674 4115 1767 4155 est.

837 4182 888 4235 5.
914 4183 1016 4234 Per
1039 4182 1318 4236 Atrebatem
1335 4182 1612 4236 Commium.
1629 4183 1768 4253 Ergo

751 4257 978 4321 redierat
1024 4262 1080 4313 in
1132 4262 1456 4317 Britanniam
1495 4262 1769 4317 Commius

1941 2672 1993 2721 6.
2020 2668 2464 2737 Hiemem...agere.
2490 2664 2626 2720 Cod.
2654 2669 2718 2719 R.
2744 2669 2875 2739 Aug.

1858 2747 2107 2800 Vossiani
2154 2760 2206 2800 et
2255 2747 2491 2800 Elienses
2508 2785 2525 2811 ,
2564 2751 2877 2798 constituisset

1858 2828 2080 2879 Ιιιὶιηανε.
2107 2828 2190 2880 Ita
2205 2845 2419 2898 quoque
2443 2838 2657 2891 noster,
2684 2827 2831 2897 5763
2858 2845 2871 2880 :

1857 2926 2015 2977 quam
2053 2908 2331 2959 lectionem
2355 2907 2700 2978 praetulerim.

1940 3006 1992 3057 7.
2012 2987 2294 3056 Vectigalis.
2314 2986 2417 3038 Dio
2430 2999 2586 3058 negat
2598 2988 2877 3059 quicquam

1857 3067 2059 3118 fructus
2088 3067 2327 3119 retulisse
2356 3066 2617 3119 Caesarem
2644 3065 2716 3119 de
2745 3068 2878 3119 victa

1856 3147 2160 3210 Britannia,
2188 3146 2291 3199 nisi
2345 3145 2488 3217 quod
2534 3146 2612 3198 ibi
2663 3147 2878 3199 bellasse

1858 3244 2057 3297 magna
2074 3226 2178 3279 sibi
2199 3223 2345 3279 laudi
2364 3244 2477 3278 esse
2496 3224 2741 3278 ducebat.
2759 3227 2880 3278 Plu-

1858 3307 2069 3358 umbus
2077 3324 2287 3376 quoque
2299 3306 2476 3359 innuit
2487 3306 2745 3359 Caeuarem
2755 3306 2881 3376 plus

1857 3386 1984 3437 mali
2009 3386 2249 3438 hostibus
2276 3385 2533 3449 attulisse,
2551 3402 2713 3453 quam
2744 3384 2881 3437 boni

1858 3462 2107 3535 adeptum
2148 3483 2301 3529 esse·
2346 3464 2477 3518 nihil
2524 3462 2671 3515 enirn
2715 3463 2881 3517 fuisse

1856 3543 2001 3614 quod
2055 3503 2376 3616 pauperibus
2428 3542 2563 3614 eripi
2620 3545 2878 3614 potuerit.

1857 3624 1998 3677 Gon.
2032 3623 2297 3678 Adversus
2325 3624 2666 3677 Plutarchum
2703 3624 2881 3695 ipsum

1856 3704 1989 3756 mihi
2045 3705 2305 3757 Cnsarem
2361 3704 2515 3756 liceat
2570 3700 2876 3756 defendere.

1856 3784 2017 3837 Extra
2036 3784 2232 3837 Gallias
2253 3795 2396 3837 certe
2414 3785 2783 3836 Romanorum
2800 3801 2881 3834 ar·

1857 3882 1941 3915 ma
1970 3864 2167 3917 inferre
2192 3864 2400 3935 potuit,
2430 3860 2525 3914 sed
2550 3863 2769 3933 quaesita
2793 3881 2878 3914 ar-

1856 3944 1958 3995 mis
1977 3958 2029 3997 et
2048 3944 2314 4009 stabilire,
2344 3954 2398 3994 et
2423 3960 2633 3995 servare
2656 3942 2879 3995 omnino

1856 4024 2028 4095 impar
2052 4025 2186 4089 suit3
2216 4023 2416 4094 quippe
2441 4022 2529 4073 cui
2557 4022 2683 4073 satis
2714 4032 2883 4085 esset,

1856 4103 1901 4156 ni
1926 4123 2048 4156 cum
2072 4104 2253 4175 paucis
2277 4100 2567 4154 admodum
2588 4101 2759 4173 copiis
2779 4119 2880 4170 po-

1855 4185 2009 4254 pulos
2058 4183 2370 4254 irrequietos
2413 4200 2473 4233 ac
2518 4181 2692 4234 socios
2742 4179 2882 4232 male

1854 4262 2028 4317 fidos'
2013 4280 2068 4317 ιιι
2095 4262 2274 4318 officio
2289 4263 2559 4317 retineret.
2582 4257 2748 4326 Quod
2766 4258 2885 4332 qui·
