3111 5147
982 538 1059 607 c.
1112 485 1396 605 mm
1450 532 1911 604 cAESAms
1962 531 2512 613 COMMENT.

654 667 1076 738 Genabenses
1093 721 1114 757 ,
1136 667 1334 763 paulo
1363 681 1514 737 ante
1545 666 1827 735 mediam
1856 678 2120 734 noctem
2153 662 2409 733 silentio
2430 688 2514 732 ex
2534 662 2783 757 oppido

655 776 930 868 egressi,
957 775 1205 845 flumen
1228 775 1502 844 transire
1531 784 1892 868 coeperunt.
1917 772 2074 859 Qua
2100 795 2172 840 re
2193 795 2313 864 per
2331 768 2785 865 exploratores

655 882 999 969 nuntiata,
1040 884 1262 951 Caesar
1317 878 1604 975 legiones
1623 933 1644 966 ‚
1684 902 1849 973 quas
1892 875 2225 971 expeditas
2274 900 2415 945 esse
2460 877 2783 969 jusserat,

656 987 866 1103 portis
895 988 1213 1074 incensis,
1241 987 1656 1073 intromittit,
1683 999 1879 1078 atque
1908 982 2153 1102 oppido
2182 983 2470 1077 potitur,
2500 1006 2781 1111 perpau

659 1093 753 1161 cis
770 1116 852 1160 ex
868 1091 1156 1161 hostium
1179 1117 1459 1161 numero
1480 1038 1858 1162 desideratis
1876 1144 1895 1178 ,
1916 1090 2077 1184 quin
2097 1089 2319 1158 cuncti
2340 1073 2789 1184 caperenturffi

660 1197 841 1291 quod
880 1199 1097 1292 pontis
1135 1213 1332 1294 atque
1371 1201 1680 1267 itinerum
1725 1198 2039 1292 angustiae
2074 1193 2474 1264 multitudini
2494 1194 2519 1233 ⁷
2556 1195 2784 1290 fugam

661 1302 1178 1373 intercluserant.
1223 1303 1565 1399 Oppidum
1607 1304 1831 1397 diripit
1869 1317 2065 1396 atque
2122 1299 2414 1369 incendit
2434 1354 2454 1389 ‚
2490 1300 2785 1396 praedam

662 1406 976 1479 militibus
1024 1410 1228 1480 donat
1243 1465 1263 1500 ‚
1290 1413 1653 1480 exercitum
1704 1410 1994 1505 Ligerim
2046 1406 2411 1477 transducit
2429 1462 2449 1496 ,
2476 1421 2675 1500 atque
2715 1408 2786 1474 in

663 1514 1032 1610 Biturigum
1073 1516 1239 1587 fines
1277 1518 1597 1611 pervenit.

771 1623 928 1690 XII.
985 1625 1524 1718 Vercingetorix,
1553 1622 1667 1691 ubi
1698 1621 1782 1691 de
1821 1620 2095 1692 Caesaris
2124 1620 2414 1689 advenut
2445 1619 2785 1714 coguovit,

669 1731 1161 1821 oppugnatione
1194 1727 1478 1799 desistit¹
1483 1743 1732 1823 ,atque
1762 1729 2026 1798 obviam
2058 1729 2300 1797 Caesari
2335 1725 2791 1856 proficiscimr.

667 1829 789 1899 Ille
822 1832 1141 1927 oppidum
1169 1825 1620 1930 [Biturigum,
1651 1837 1937 1930 positum
1965 1835 2034 1903 in
2058 1835 2167 1901 via
2185 1887 2204 1921 ‚
2230 1823 2256 1924 ]
2285 1812 2791 1903 Νοιῑίοάιιιιιιιιιδ

659 532 808 605 300

679 2012 688 2027 ί
753 2037 809 2087 6.
846 2034 980 2103 Quin
1009 2038 1168 2087 cuncti
1191 2046 1483 2106 caper-enm.
1515 2034 1691 2088 codd.

673 2131 796 2185 pm
819 2113 930 2166 sere
949 2111 1171 2166 dimidia
1188 2115 1350 2167 habet
1373 2118 1501 2176 viai,
1530 2114 1692 2167 altera

673 2196 852 2255 emti,
865 2191 1009 2246 unde
1028 2192 1275 2247 Oudend.
1286 2195 1597 2247 alterutrum
1609 2212 1693 2246 re·

673 2272 851 2344 posuit
857 2271 1300 2339 cunctivivi.Quod
1311 2274 1500 2345 probat
1509 2273 1691 2327 Oberl.

673 2352 1153 2423 Excellentissimus
1164 2366 1305 2406 certe
1318 2371 1432 2405 rem
1445 2351 1695 2405 dirimen-

1777 2054 1889 2089 non
1901 2035 2178 2106 probabile
2188 2045 2292 2087 est:
2306 2052 2429 2086 nam
2442 2033 2617 2086 Cesar
2629 2033 2795 2086 socio·

1779 2133 1900 2166 rum
1930 2132 2149 2167 suorum
2174 2113 2332 2166 urbes
2355 2131 2668 2185 oppugnare
2689 2131 2796 2165 non

1780 2191 2115 2259 instituisset3
2133 2204 2402 2264 proterea,
2416 2191 2796 2245 Noviodunum

1780 2271 2079 2326 AEduorum
2100 2291 2211 2325 non
2231 2284 2343 2325 erat
2371 2272 2605 2343 positum
2628 2272 2686 2325 in
2712 2272 2795 2325 via

1784 2350 1853 2404 ad
1882 2352 2192 2417 Avaricum,
2218 2350 2310 2405 sed
2341 2349 2408 2404 ad
2437 2349 2653 2404 AEduos.
2686 2352 2791 2404 Alii

678 2429 738 2484 di
758 2429 980 2498 modus3
1007 2443 1062 2485 at
1081 2433 1276 2485 critica
1297 2432 1375 2483 rei
1397 2450 1521 2484 vere
1542 2432 1695 2487 abso-

677 2528 945 2563 nustnam
970 2512 1015 2563 si
1038 2510 1110 2562 ita
1130 2512 1300 2563 varias
1311 2511 1562 2564 lectiones
1571 2513 1697 2584 jun·

676 2591 848 2655 uteris,
870 2590 1020 2643 brevi
1046 2588 1314 2662 pravideo
1335 2591 1608 2657 futurum,
1638 2604 1699 2644 ut

678 2670 767 2723 vix
776 2680 1042 2721 auctorem
1056 2682 1290 2722 vestrum
1304 2671 1552 2741 reperias3
1567 2690 1696 2743 qua-

678 2759 901 2820 propter
909 2748 1171 2819 vulgatam
1181 2750 1462 2803 lectionem
1472 2751 1696 2804 restitui.

761 2846 817 2898 7.
840 2826 1160 2882 Multimdini.
1189 2829 1492 2900 Elegantius
1507 2868 1523 2895 ,
1541 2850 1700 2901 quam

681 2907 994 2960 multitudinis
1011 2947 1028 2971 ,
1062 2908 1214 2962 sicuti
1251 2908 1450 2962 habent
1492 2909 1699 2965 codices

679 2986 959 3040 nonnulli:
992 3001 1278 3061 utrumque
1306 2990 1459 3043 bene.

760 3067 890 3124 Cu».
903 3067 1028 3122 XII.
1045 3087 1068 3123 1
1080 3110 1095 3123 .
1115 3070 1485 3140 Oppugnatc'one
1497 3071 1700 3123 desistit.

682 3145 919 3200 Subaudi
950 3147 1227 3219 Gergovia
1264 3149 1537 3203 Boiorum.
1570 3148 1697 3203 Vid.

680 3245 798 3299 sup.
832 3247 879 3281 c.
911 3246 945 3296 9
962 3264 979 3293 ,
996 3222 1064 3280 ad
1087 3228 1265 3282 finem.

768 3327 819 3360 a.
834 3307 927 3359 Ille
938 3307 1162 3378 oppidum
1180 3309 1456 3378 Biturigum
1466 3346 1482 3373 ,
1493 3313 1703 3378 position

687 3389 738 3437 in
761 3389 877 3450 via,
894 3387 1252 3448 Noviodcmum,
1269 3399 1358 3440 etc.
1374 3387 1567 3458 Magna
1588 3389 1645 3442 h.
1663 3390 1700 3442 l.

686 3464 970 3519 difficultas
997 3465 1148 3519 inest.
1180 3466 1419 3519 Primum
1448 3467 1703 3539 antiquis-

685 3545 833 3599 simo
870 3557 923 3599 et
965 3546 1180 3618 optim&
1220 3546 1537 3598 membrana
1568 3547 1708 3600 Bon-

684 3643 822 3695 gars.
838 3625 993 3678 Voss.
1011 3626 1142 3678 Lov.
1158 3625 1333 3679 Petav.
1358 3624 1507 3679 Leid.
1523 3638 1578 3678 et
1589 3645 1707 3681 nos·

688 3715 771 3757 ter
794 3706 857 3757 R.
883 3703 1000 3757 cod.
1032 3706 1204 3774 5763,
1214 3706 1326 3758 hac
1344 3706 1535 3771 verba,
1559 3708 1705 3760 Bitu-

690 3788 1053 3856 ngumpositm
1070 3789 1122 3837 in
1142 3788 1249 3852 via,
1266 3804 1375 3838 non
1396 3799 1706 3862 agnoscunt-3

690 3864 882 3934 quibus
920 3866 1215 3918 assentitur
1231 3855 1580 3937 Oudendorp.
1612 3866 1708 3937 qui

689 3960 750 3995 ea
770 3945 1070 4015 parenthesi
1093 3945 1335 4010 inclusit,
1358 3944 1586 4000 deinde
1570 3958 1708 3999 mter

690 4039 781 4074 eos
794 4024 889 4093 qui
904 4025 1016 4078 haec
1026 4027 1187 4079 verba
1203 4027 1472 4098 recipiunt
1486 4024 1708 4079 diverso

692 4113 816 4154 sunt
846 4103 1136 4175 opiniones·
1154 4106 1258 4158 Alii
1273 4107 1605 4159 Noviodunum
1619 4125 1710 4158 vo·

691 4178 812 4250 lunt
830 4199 940 4235 esse
962 4183 1222 4256 oppidum
1238 4181 1482 4256 aliquod(
1496 4181 1707 4248 Nem-s)

690 4256 1023 4342 AEduorum,
1062 4282 1170 4320 uon
1200 4264 1531 4336 Biturigum,
1565 4262 1709 4336 quod

1780 2430 2795 2502 rectiuscontenduntoesevicumquem-

1780 2509 1905 2563 dum
1944 2511 2160 2564 nomine
2196 2510 2794 2582 Nemi-summussos,

1781 2592 1921 2644 inter
1942 2592 2274 2644 Albiniacum
2297 2604 2351 2644 et
2378 2592 2719 2657 Virzionem3
2746 2603 2800 2646 et

1782 2672 1956 2744 reipsa
1994 2672 2143 2725 vicus
2179 2673 2276 2724 iste
2320 2670 2559 2724 medium
2596 2671 2801 2725 obtinet

1782 2751 1924 2804 inter
1952 2750 2231 2805 Genabum
2258 2764 2313 2803 et
2344 2752 2663 2817 Avaricum,
2692 2750 2799 2804 sive

1784 2830 2063 2884 Genabum
2088 2830 2251 2884 fuerit
2266 2831 2502 2894 oramus,
2519 2831 2632 2885 sive
2656 2830 2801 2885 Gia.

1784 2912 1841 2963 D
1850 2907 2800 2982 'AmillehocoppidumvocatNoam

1784 2992 1882 3056 At,
1908 3009 2038 3062 pace
2053 2988 2346 3044 doctissimi
2367 2990 2501 3057 viri,
2518 2991 2701 3044 multu
2720 3008 2804 3044 res

1783 3069 2119 3142 potissimum
2138 3072 2251 3141 ejus
2278 3071 2550 3124 sententia
2574 3071 2804 3124 obstant.

1786 3143 1963 3204 Cosar
1981 3150 2055 3203 ait
2066 3149 2399 3203 Noviodman
2410 3169 2521 3221 post
2503 3153 2620 3202 itm
2634 3169 2686 3201 ιιι
2697 3154 2804 3211 osia,

1785 3229 1896 3283 scil.
1926 3228 2065 3283 inter
2090 3230 2373 3282 Genabum
2405 3241 2459 3282 et
2496 3228 2801 3282 Avaricum..

1787 3309 1985 3376 Porro,
2004 3309 2187 3362 Nouam
2209 3306 2691 3380 vixquatnorleueis
2713 3305 2803 3359 di-

1787 3401 1889 3442 stat
1928 3389 1995 3441 ab
2024 3390 2279 3455 Avarico3
2307 3401 2363 3441 et
2383 3400 2480 3451 est,
2509 3404 2619 3439 non
2654 3385 2800 3439 inter

1789 3467 2070 3522 Genabum
2114 3481 2167 3521 et
2218 3467 2527 3532 Avaricum,
2563 3463 2659 3518 sed
2716 3464 2803 3518 in·

1790 3548 1870 3601 fra
1883 3547 2186 3613 Avaricum,
2206 3546 2274 3601 ad
2290 3548 2580 3601 Orientem.
2600 3548 2705 3611 At,
2727 3544 2809 3598 in·

1790 3627 1982 3699 quiunt
1995 3664 2012 3693 ,
2033 3645 2143 3681 non
2164 3625 2231 3680 ad
2253 3627 2539 3680 Avaricum
2559 3624 2811 3680 tendebat

1792 3708 1997 3773 Casu,
2027 3705 2120 3760 sed
2149 3705 2217 3761 ad
2240 3707 2398 3760 Boios
2426 3701 2563 3799 (cap.
2599 3703 2705 3771 ιο).
2726 3705 2810 3758 Ita

1791 3788 1900 3854 sit·
1932 3806 1999 3840 an
2040 3780 2298 3840 Casas-em
2339 3785 2472 3840 adeo
2502 3786 2809 3857 imperitum

1792 3866 2140 3933 existimabis,
2169 3879 2229 3920 ut
2256 3868 2446 3920 urbem
2476 3866 2660 3919 Nom
2700 3877 2811 3917 tarn

1792 3946 2149 4018 propinquam
2201 3947 2424 4000 Avarico
2455 3944 2813 4000 munitissimo

1793 4024 2034 4099 oppido,
2057 4039 2111 4080 et
2153 4037 2232 4080 tot
2259 4026 2491 4079 millibus
2530 4025 2815 4078 hominum

1793 4107 1989 4159 referto
2004 4145 2021 4171 ,
2047 4106 2324 4159 obsesserit
2339 4144 2356 4171 ‚
2386 4118 2542 4176 atque
2554 4115 2814 4178 prasente

1795 4186 1954 4239 etiam
1967 4186 2395 4256 Vercingetorige
2412 4204 2534 4239 cum
2556 4182 2816 4238 exercitu?

1794 4266 1877 4332 lta
1902 4279 1960 4320 ut
1982 4266 2121 4323 inter
2150 4265 2284 4322 duos
2314 4266 2522 4332 hostes,
2551 4262 2817 4335 Bituriges
