3111 5147
568 503 711 570 DE
764 502 1111 571 BELLO
1169 502 1669 571 GALLICO.
1727 503 1919 571 LIB.
1974 506 2025 570 Ι.
2280 502 2376 602 67

244 619 567 700 riemntffi
598 636 771 702 Duae
807 631 955 701 filiae
984 633 1262 720 harum,
1290 631 1495 700 altera
1521 635 1779 722 occisa,
1807 632 2012 702 altera
2042 650 2235 730 capta
2264 652 2381 706 est.

246 738 319 805 C.
352 736 667 807 Valerius
708 724 1069 807 Procillus⁵
1073 792 1094 827 ‚
1121 763 1328 832 quum
1371 763 1411 806 a
1452 738 1834 807 custodibus
1877 742 1944 807 in
1998 740 2157 835 fiiga
2197 744 2384 813 trinis

244 845 497 913 catenis
523 846 789 914 vinctus
821 845 1216 932 traheretur,
1240 845 1310 911 in
1339 846 1555 938 ipsum
1586 847 1944 933 Caesarem,
1962 846 2185 916 hostes
2213 852 2386 943 equi-

246 963 383 1019 tatu
418 936 1011 1069 persequentemffi
1038 949 1280 1019 incidit.
1308 951 1478 1038 Quae
1519 950 1785 1044 quidem
1828 976 1932 1020 res
1962 955 2207 1022 Caesari
2249 979 2383 1023 non

248 1058 575 1126 minorem
595 1081 852 1151 ‚quam
904 1058 1049 1151 ipsa
1100 1057 1377 1125 victoria
1394 1055 1855 1175 ,voluptatem
1908 1057 2162 1146 attulit3
2206 1059 2386 1154 quod

251 1160 590 1231 hominem
632 1163 1164 1232 honestissimum
1205 1163 1563 1257 provinciae
1593 1161 1822 1232 Galliae
1843 1217 1861 1251 ‚
1886 1188 2078 1234 suum
2112 1165 2384 1235 familia·

255 1293 384 1337 rem
413 1284 487 1338 et
520 1270 852 1364 hospitem
870 1323 890 1357 ‚
917 1284 1220 1365 ereptum
1263 1292 1301 1336 e
1342 1268 1647 1337 manibus
1689 1268 1980 1337 hostium
2000 1324 2020 1356 ,
2051 1270 2172 1339 sibi
2201 1276 2385 1341 resti·

257 1388 467 1445 tutum
510 1374 818 1471 videbat3
850 1399 1060 1469 neque
1102 1376 1242 1468 ejus
1285 1373 1655 1442 calamitate
1696 1373 1779 1442 de
1822 1389 2007 1444 tanta
2046 1372 2388 1473 voluptate

256 1494 319 1548 et
347 1481 787 1576 gratulatione
829 1480 1185 1576 quidquam
1214 1479 1481 1549 fortuna
1525 1480 1954 1549 deminuerat.
1982 1484 2048 1550 Is
2069 1536 2089 1569 ‚
2117 1506 2186 1552 se
2230 1509 2388 1578 prae-

261 1602 473 1677 sente,
506 1589 593 1657 de
639 1612 709 1656 se
746 1602 847 1656 ter
889 1585 1217 1657 sortibus⁷
1247 1585 1624 1655 consultum
1660 1586 1958 1674 dicebat,
1985 1601 2208 1656 utrum
2251 1593 2384 1684 igni

260 1697 471 1763 statim
516 1710 889 1783 necaretur,
931 1718 1016 1765 an
1058 1696 1126 1762 in
1187 1690 1363 1761 aliud
1402 1707 1663 1788 tempus
1707 1708 2154 1762 reservaretur
2191 1720 2206 1762 τ
2246 1721 2385 1764 sor-

262 1800 423 1867 tium
460 1800 780 1872 bcneficio
824 1825 893 1870 se
935 1825 1076 1870 esse
1118 1797 1533 1871 incolumem.
1579 1801 1748 1868 Item
1792 1800 1886 1868 M.
1929 1800 2202 1870 Mettius
2222 1788 2247 1825 ⁸
2283 1827 2383 1871 re-

262 1920 520 1999 pertus,
552 1923 618 1979 et
652 1908 739 1977 ad
781 1932 933 1981 eum
975 1906 1285 1977 reductus
1329 1920 1444 1974 est.

371 2015 539 2083 LIV.
585 2017 727 2085 Hoc
770 2012 997 2109 proelio
1039 2029 1221 2083 trans
1262 2011 1575 2083 Rhenum
1619 2012 1931 2080 nunciato
1951 2065 1972 2100 ‚
2006 2014 2204 2081 Suevi
2225 2066 2244 2101 ,
2271 2018 2382 2107 qui

262 2118 351 2189 ad
384 2122 550 2215 ripas
577 2121 797 2191 Rheni
831 2134 1152 2203 venerant
1170 2172 1191 2208 ‚
1219 2118 1493 2188 domum
1522 2120 1765 2189 reverti
1797 2135 2184 2214 coeperunt:
2215 2145 2382 2214 quos

262 2224 373 2294 uhi
394 2224 433 2314 ¹,
470 2230 583 2322 qui
617 2228 902 2322 proximi
940 2227 1252 2297 Rhenum
1288 2223 1621 2312 incolunt,
1649 2227 2032 2319 perterritos
2073 2227 2383 2314 insecuti3

257 2356 562 2426 magnum
604 2358 688 2403 ex
728 2334 835 2403 his
875 2357 1225 2402 numerum
1268 2330 1671 2403 occiderunt.
1704 2332 1949 2418 Caesar,
1985 2356 2136 2407 una,
2159 2346 2383 2401 aestate

254 2437 503 2509 duobus
559 2441 861 2510 maximis
904 2438 1091 2508 hellis
1141 2437 1495 2526 confectiS‚
1531 2438 1857 2506 maturius
1907 2436 2105 2531 paulo
2125 2491 2145 2525 ‚
2180 2464 2381 2532 quam

254 2556 505 2642 tempus
528 2549 688 2616 anni
722 2544 1098 2642 postulabat
1117 2600 1137 2635 ‚
1163 2547 1232 2615 in
1259 2544 1538 2614 hiberna
1564 2544 1632 2612 in
1656 2546 1994 2638 Sequanos
2020 2547 2402 2628 exercitum

253 2651 549 2722 deduxit:
572 2653 865 2723 hibernis
889 2653 1257 2722 Labienum
1299 2652 1692 2747 praeposuit:
1725 2653 1868 2745 ipse¹
1906 2653 1973 2719 in
2011 2653 2377 2722 citeriorem

253 2758 531 2829 Galliam
574 2758 661 2828 ad
696 2771 1061 2829 conventus
1080 2758 1101 2783 ²
1130 2757 1420 2853 agendos
1462 2756 1797 2851 profectus
1839 2771 1956 2825 est.

324 2968 375 3025 4.
418 2961 653 3033 Uet-teque
684 2964 940 3032 perierunt.
986 2961 1068 3013 Ita
1111 2956 1268 3012 codd.
1360 2955 1488 3010 vid.
1515 2975 1658 3027 supr.
1686 2973 1800 3027 cap.
1829 2955 2145 3027 precedenti
2175 2972 2287 3013 not.
2326 2979 2375 3014 1.

248 3040 396 3112 vulgo
421 3053 631 3112 utraque
646 3045 809 3111 periit.
832 3038 966 3094 Cod.
986 3040 1134 3110 5763
1151 3038 1269 3091 vul-
1360 3034 1530 3090 codd.
1557 3034 1723 3087 nostri
1747 3034 1942 3087 habent
1968 3055 2084 3107 quos
2105 3036 2200 3090 ubi.

247 3131 409 3189 gnum
436 3120 677 3174 exhibet.

323 3201 372 3253 5.
400 3200 466 3253 C.
518 3198 743 3250 Valerius
785 3198 1037 3250 Procillus.
1082 3198 1162 3249 De
1203 3214 1268 3249 eo

249 3276 348 3331 vid.
381 3298 576 3351 supra,
596 3278 790 3342 XVII,
814 3277 1038 3329 XLVII.

323 3362 373 3411 6.
389 3359 576 3411 Hostes
588 3361 800 3429 equitatu
801 3366 1168 3428 per-sequentuin.
1185 3355 1267 3407 Ita

248 3436 602 3506 probatissimi
638 3433 794 3489 codd.
838 3448 893 3488 et
936 3432 1059 3487 edd.
1087 3434 1266 3505 ‘Vulgo

247 3515 441 3570 hostem
468 3520 731 3588 equitatum
742 3526 1103 3586 persequentem.

319 3615 371 3666 7.
406 3596 648 3651 Soreihm.
694 3596 775 3647 De
827 3594 1055 3648 sortibus
1102 3590 1264 3644 modo

245 3671 505 3741 diximm;
532 3676 596 3728 C.
628 3675 693 3727 L.

313 3756 364 3809 8.
381 3756 604 3809 Meetisas.
621 3754 749 3825 Ejus
760 3753 958 3805 mentio
969 3753 1032 3805 fit
1044 3751 1099 3803 in
1112 3769 1266 3804 num·

246 3834 338 3887 mis
379 3836 688 3898 Castrum,
730 3831 868 3904 apud
907 3831 1155 3893 Vedium,
1204 3830 1261 3882 in

245 3914 431 3983 quihus
458 3913 623 3984 bigae,
656 3912 928 3965 insistente
942 3908 1153 3963 Pallade
1177 3908 1263 3962 vel

244 3990 458 4046 Bellona
480 4031 498 4058 ‚
524 4011 647 4045 cum
677 3990 992 4063 epigraphe,
1025 4007 1087 4043 ιι.
1120 4006 1261 4041 m·

242 4089 376 4125 rma.
409 4070 555 4126 Vide
584 4090 699 4143 sup.
719 4069 942 4123 XLVII.

318 4153 450 4206 Cn.
481 4151 629 4204 LIV.
671 4168 719 4203 1.
759 4150 867 4202 Ubi.
910 4146 1051 4200 Male
1077 4157 1262 4199 conti-a

240 4229 397 4284 codd.
419 4242 475 4284 et
485 4228 608 4284 edd.
622 4241 749 4283 vett.
761 4237 1111 4300 reposuerunt
1128 4225 1256 4288 Ubii,

240 4310 333 4380 qui
370 4310 580 4382 longius
613 4309 740 4363 belli
785 4309 991 4362 theatro
1025 4306 1258 4359 aberant.

1439 3134 1490 3167 ο.
1525 3114 1807 3166 Conventus.
1836 3113 1952 3165 Hoc
1992 3113 2110 3166 loeo
2153 3128 2207 3168 et
2249 3116 2375 3170 alibi

1353 3205 1477 3247 sunt
1487 3205 1776 3246 conventus
1788 3192 2065 3245 hominum
2075 3194 2374 3265 provincia·

1351 3273 1484 3326 lium
1509 3273 1567 3325 in
1589 3272 1743 3326 certis
1767 3272 2012 3337 urbibus,
2034 3291 2152 3344 quoe
2173 3288 2226 3328 et
2247 3276 2373 3347 ipsae

1353 3351 1604 3406 dicuntur
1613 3364 1917 3405 conventus.
1928 3352 2062 3405 Gall.
2077 3391 2094 3418 ‚
2105 3354 2169 3406 les
2178 3358 2300 3406 e'tats
2312 3356 2372 3407 de

1353 3433 1404 3483 la
1425 3437 1664 3504 province.
1700 3431 1981 3502 Pompeius
2016 3431 2198 3486 Festus
2212 3471 2229 3498 ,
2257 3452 2327 3487 111
2355 3454 2369 3487 ε

1355 3511 1622 3565 Conventus
1651 3522 1856 3582 quatuor
1890 3510 2042 3562 modis
2071 3515 2365 3583 :mellificum

1357 3590 1491 3657 Uno,
1511 3610 1617 3643 cum
1643 3590 1892 3663 quemlibet
1917 3592 2152 3643 homimem
2181 3592 2244 3644 ab
2273 3594 2366 3646 ala·-

1350 3690 1443 3741 quo
1484 3682 1755 3723 conventum
1795 3690 1892 3721 esse
1931 3670 2156 3731 dathus,-
2183 3672 2334 3724 altem
2346 3711 2364 3738 ,

1349 3769 1454 3801 eum
1482 3747 1785 3819 signficatur
1802 3749 2054 3801 multitudo
2075 3769 2136 3800 ex
2155 3753 2364 3822 complu-

1350 3829 1478 3880 ribus
1504 3829 1753 3899 generibus
1781 3829 2018 3881 Ιιοωίιιιιω
2042 3841 2285 3882 eontracta
2313 3836 2366 3882 in

1350 3926 1491 3960 unum
1523 3908 1706 3968 locurum
1734 3912 1900 3972 tet-tib,
1923 3926 2027 3958 cum
2047 3928 2080 3958 a
2107 3914 2365 3978 magistru-

1349 3987 1471 4039 tibus
1469 3985 1648 4055 judicu
1660 3987 2011 4057 eausapopulus
2019 4002 2360 4058 evagr-effatur,-

1349 4077 1546 4139 quarw,
1562 4084 1666 4117 aaa
1686 4070 1738 4117 in
1757 4066 1958 4137 ali'quern
1978 4066 2132 4117 locum
2141 4070 2364 4140 frequen·

1348 4150 1418 4197 tia
1461 4146 1697 4197 honum
1729 4145 2084 4216 supplicationis
2126 4160 2214 4199 aut
2242 4168 2362 4220 gra.

1350 4225 1592 4277 culationis
1634 4243 1779 4276 eausa
1819 4225 2074 4295 colligatur.
2121 4225 2364 4282 Secundo

1347 4302 1508 4358 modo
1527 4300 1942 4376 intelligendum.
1974 4303 2115 4359 God.

1909 4409 1992 4481 5,
