<?xml version="1.0" encoding="UTF-8"?>
<!DOCTYPE html PUBLIC "-//W3C//DTD XHTML 1.0 Transitional//EN"
    "http://www.w3.org/TR/xhtml1/DTD/xhtml1-transitional.dtd">
<html xmlns="http://www.w3.org/1999/xhtml" xml:lang="en" lang="en">
 <head>
  <title>
</title>
<meta http-equiv="Content-Type" content="text/html;charset=utf-8" />
  <meta name='ocr-system' content='tesseract 3.04.00' />
  <meta name='ocr-capabilities' content='ocr_page ocr_carea ocr_par ocr_line ocrx_word'/>
</head>
<body>
  <div class='ocr_page' id='page_1' title='image "./caesaradbodices00caesgoog_0530.png"; bbox 0 0 3111 5147; ppageno 0'>
   <div class='ocr_carea' id='block_1_1' title="bbox 836 512 2981 750">
    <p class='ocr_par' dir='ltr' id='par_1_1' title="bbox 836 512 2981 750">
     <span class='ocr_line' id='line_1_1' title="bbox 839 512 2199 618; baseline -0.007 -25"><span class='ocrx_word' id='word_1_1' title='bbox 839 528 988 618; x_wconf 73' lang='lat'><strong>492</strong></span> <span class='ocrx_word' id='word_1_2' title='bbox 1609 522 1676 588; x_wconf 89' lang='lat' dir='ltr'>D</span> <span class='ocrx_word' id='word_1_3' title='bbox 1692 520 1750 587; x_wconf 81' lang='lat' dir='ltr'>E</span> <span class='ocrx_word' id='word_1_4' title='bbox 1805 519 1869 588; x_wconf 90' lang='lat' dir='ltr'><strong>G</strong></span> <span class='ocrx_word' id='word_1_5' title='bbox 1881 516 1941 585; x_wconf 82' lang='lat' dir='ltr'>A</span> <span class='ocrx_word' id='word_1_6' title='bbox 1953 512 2125 585; x_wconf 90' lang='lat' dir='ltr'><strong>LLI</strong></span> <span class='ocrx_word' id='word_1_7' title='bbox 2141 514 2199 583; x_wconf 84' lang='lat' dir='ltr'><strong>A</strong></span> 
     </span>
     <span class='ocr_line' id='line_1_2' title="bbox 836 641 2981 750; baseline -0.007 -24"><span class='ocrx_word' id='word_1_8' title='bbox 836 656 1231 726; x_wconf 84' lang='lat' dir='ltr'><strong>Cracoviam</strong></span> <span class='ocrx_word' id='word_1_9' title='bbox 1249 653 1688 750; x_wconf 81' lang='lat' dir='ltr'><strong>expugnavit,</strong></span> <span class='ocrx_word' id='word_1_10' title='bbox 1706 665 1805 740; x_wconf 89' lang='lat' dir='ltr'><strong>et,</strong></span> <span class='ocrx_word' id='word_1_11' title='bbox 1833 648 2013 745; x_wconf 90' lang='lat' dir='ltr'><strong>quod</strong></span> <span class='ocrx_word' id='word_1_12' title='bbox 2037 648 2246 718; x_wconf 86' lang='lat' dir='ltr'><strong>ferme</strong></span> <span class='ocrx_word' id='word_1_13' title='bbox 2270 642 2693 715; x_wconf 77' lang='lat' dir='ltr'>incredibile</span> <span class='ocrx_word' id='word_1_14' title='bbox 2708 698 2730 732; x_wconf 93' lang='lat'><strong>,</strong></span> <span class='ocrx_word' id='word_1_15' title='bbox 2753 641 2981 713; x_wconf 80' lang='lat' dir='ltr'><strong>tamdiu</strong></span> 
     </span>
    </p>
   </div>
   <div class='ocr_carea' id='block_1_2' title="bbox 803 749 2983 4256">
    <p class='ocr_par' dir='ltr' id='par_1_2' title="bbox 834 749 2981 954">
     <span class='ocr_line' id='line_1_3' title="bbox 836 749 2979 854; baseline -0.006 -22"><span class='ocrx_word' id='word_1_16' title='bbox 836 763 1141 833; x_wconf 82' lang='lat' dir='ltr'><strong>servavit.</strong></span> <span class='ocrx_word' id='word_1_17' title='bbox 1189 761 1375 831; x_wconf 83' lang='lat' dir='ltr'><strong>Adeo</strong></span> <span class='ocrx_word' id='word_1_18' title='bbox 1419 763 1488 829; x_wconf 92' lang='lat' dir='ltr'><strong>in</strong></span> <span class='ocrx_word' id='word_1_19' title='bbox 1529 756 1766 854; x_wconf 87' lang='lat' dir='ltr'><strong>gallico</strong></span> <span class='ocrx_word' id='word_1_20' title='bbox 1792 758 2112 852; x_wconf 85' lang='lat' dir='ltr'><strong>sanguine</strong></span> <span class='ocrx_word' id='word_1_21' title='bbox 2149 767 2465 824; x_wconf 78' lang='lat' dir='ltr'><strong>constans</strong></span> <span class='ocrx_word' id='word_1_22' title='bbox 2511 766 2588 822; x_wconf 87' lang='lat' dir='ltr'><strong>et</strong></span> <span class='ocrx_word' id='word_1_23' title='bbox 2632 753 2747 821; x_wconf 86' lang='lat' dir='ltr'><strong>sui</strong></span> <span class='ocrx_word' id='word_1_24' title='bbox 2775 749 2979 820; x_wconf 83' lang='lat' dir='ltr'><strong>similis</strong></span> 
     </span>
     <span class='ocr_line' id='line_1_4' title="bbox 834 860 2981 954; baseline -0.006 -16"><span class='ocrx_word' id='word_1_25' title='bbox 834 864 1109 938; x_wconf 87' lang='lat' dir='ltr'><strong>natura!</strong></span> <span class='ocrx_word' id='word_1_26' title='bbox 1144 897 1179 933; x_wconf 70' lang='grc' dir='ltr'><strong><em>ι</em></strong></span> <span class='ocrx_word' id='word_1_27' title='bbox 1223 871 1384 937; x_wconf 87' lang='lat' dir='ltr'><strong>Haec</strong></span> <span class='ocrx_word' id='word_1_28' title='bbox 1433 866 1723 939; x_wconf 78' lang='lat' dir='ltr'><strong>Gabriel</strong></span> <span class='ocrx_word' id='word_1_29' title='bbox 1754 868 2024 934; x_wconf 80' lang='lat' dir='ltr'><strong>Brotz‘er</strong></span> <span class='ocrx_word' id='word_1_30' title='bbox 2052 887 2073 931; x_wconf 91' lang='lat'><strong>.·</strong></span> <span class='ocrx_word' id='word_1_31' title='bbox 2116 860 2230 931; x_wconf 90' lang='lat' dir='ltr'><strong>sed</strong></span> <span class='ocrx_word' id='word_1_32' title='bbox 2272 885 2397 929; x_wconf 87' lang='lat' dir='ltr'><strong>nos</strong></span> <span class='ocrx_word' id='word_1_33' title='bbox 2438 861 2574 954; x_wconf 88' lang='lat' dir='ltr'><strong>ipsi</strong></span> <span class='ocrx_word' id='word_1_34' title='bbox 2608 882 2981 954; x_wconf 85' lang='lat' dir='ltr'><strong>pergamus.</strong></span> 
     </span>
    </p>

    <p class='ocr_par' dir='ltr' id='par_1_3' title="bbox 803 964 2983 4256">
     <span class='ocr_line' id='line_1_5' title="bbox 940 964 2981 1068; baseline -0.005 -25"><span class='ocrx_word' id='word_1_35' title='bbox 940 977 1297 1068; x_wconf 87' lang='lat' dir='ltr'><strong>Postquam</strong></span> <span class='ocrx_word' id='word_1_36' title='bbox 1335 973 1418 1043; x_wconf 93' lang='lat' dir='ltr'><strong>de</strong></span> <span class='ocrx_word' id='word_1_37' title='bbox 1460 973 1850 1066; x_wconf 80' lang='lat' dir='ltr'><strong>antiquitate</strong></span> <span class='ocrx_word' id='word_1_38' title='bbox 1886 985 1955 1039; x_wconf 92' lang='lat' dir='ltr'><strong>et</strong></span> <span class='ocrx_word' id='word_1_39' title='bbox 1989 969 2187 1064; x_wconf 87' lang='lat' dir='ltr'><strong>gestis</strong></span> <span class='ocrx_word' id='word_1_40' title='bbox 2230 964 2595 1037; x_wconf 81' lang='lat' dir='ltr'>Gallorum</span> <span class='ocrx_word' id='word_1_41' title='bbox 2641 979 2803 1034; x_wconf 83' lang='lat' dir='ltr'><strong>ante</strong></span> <span class='ocrx_word' id='word_1_42' title='bbox 2848 966 2981 1032; x_wconf 75' lang='lat' dir='ltr'><strong>Cae-</strong></span> 
     </span>
     <span class='ocr_line' id='line_1_6' title="bbox 836 1074 2983 1170; baseline -0.006 -20"><span class='ocrx_word' id='word_1_43' title='bbox 836 1104 1050 1150; x_wconf 84' lang='lat' dir='ltr'><strong>sarem</strong></span> <span class='ocrx_word' id='word_1_44' title='bbox 1100 1080 1376 1149; x_wconf 84' lang='lat' dir='ltr'><strong>disserui</strong></span> <span class='ocrx_word' id='word_1_45' title='bbox 1396 1133 1416 1167; x_wconf 85' lang='lat'><strong>,</strong></span> <span class='ocrx_word' id='word_1_46' title='bbox 1470 1078 1555 1147; x_wconf 88' lang='lat' dir='ltr'><strong>ad</strong></span> <span class='ocrx_word' id='word_1_47' title='bbox 1609 1077 1913 1147; x_wconf 86' lang='lat' dir='ltr'><strong>habitum</strong></span> <span class='ocrx_word' id='word_1_48' title='bbox 1972 1074 2307 1170; x_wconf 87' lang='lat' dir='ltr'><strong>corporis,</strong></span> <span class='ocrx_word' id='word_1_49' title='bbox 2360 1074 2639 1166; x_wconf 86' lang='lat' dir='ltr'><strong>ingenia</strong></span> <span class='ocrx_word' id='word_1_50' title='bbox 2660 1126 2684 1159; x_wconf 92' lang='lat'><strong>,</strong></span> <span class='ocrx_word' id='word_1_51' title='bbox 2737 1095 2983 1155; x_wconf 78' lang='lat' dir='ltr'><strong>mores,</strong></span> 
     </span>
     <span class='ocr_line' id='line_1_7' title="bbox 832 1179 2981 1280; baseline -0.003 -28"><span class='ocrx_word' id='word_1_52' title='bbox 832 1189 1111 1255; x_wconf 77' lang='lat' dir='ltr'><strong>virtutes</strong></span> <span class='ocrx_word' id='word_1_53' title='bbox 1132 1200 1200 1254; x_wconf 88' lang='lat' dir='ltr'><strong>et</strong></span> <span class='ocrx_word' id='word_1_54' title='bbox 1216 1188 1374 1254; x_wconf 89' lang='lat' dir='ltr'><strong>vitia</strong></span> <span class='ocrx_word' id='word_1_55' title='bbox 1387 1238 1408 1272; x_wconf 86' lang='lat'><strong>,</strong></span> <span class='ocrx_word' id='word_1_56' title='bbox 1420 1183 1715 1280; x_wconf 89' lang='lat' dir='ltr'><strong>politiam</strong></span> <span class='ocrx_word' id='word_1_57' title='bbox 1730 1197 1803 1253; x_wconf 91' lang='lat' dir='ltr'><strong>et</strong></span> <span class='ocrx_word' id='word_1_58' title='bbox 1812 1181 2298 1252; x_wconf 83' lang='lat' dir='ltr'><strong>multitudinem</strong></span> <span class='ocrx_word' id='word_1_59' title='bbox 2312 1179 2673 1248; x_wconf 88' lang='lat' dir='ltr'><strong>hominum</strong></span> <span class='ocrx_word' id='word_1_60' title='bbox 2692 1193 2981 1247; x_wconf 77' lang='lat' dir='ltr'><strong>transeo.</strong></span> 
     </span>
     <span class='ocr_line' id='line_1_8' title="bbox 833 1282 2982 1387; baseline -0.004 -27"><span class='ocrx_word' id='word_1_61' title='bbox 833 1294 1057 1362; x_wconf 86' lang='lat' dir='ltr'><strong>Caesar</strong></span> <span class='ocrx_word' id='word_1_62' title='bbox 1078 1293 1163 1361; x_wconf 90' lang='lat' dir='ltr'><strong>de</strong></span> <span class='ocrx_word' id='word_1_63' title='bbox 1188 1294 1438 1387; x_wconf 87' lang='lat' dir='ltr'><strong>ingenti</strong></span> <span class='ocrx_word' id='word_1_64' title='bbox 1473 1305 1727 1362; x_wconf 85' lang='lat' dir='ltr'><strong>statura</strong></span> <span class='ocrx_word' id='word_1_65' title='bbox 1753 1314 1985 1359; x_wconf 86' lang='lat' dir='ltr'><strong>eorum</strong></span> <span class='ocrx_word' id='word_1_66' title='bbox 2015 1286 2327 1382; x_wconf 85' lang='lat' dir='ltr'><strong>loquitur,</strong></span> <span class='ocrx_word' id='word_1_67' title='bbox 2352 1310 2561 1380; x_wconf 88' lang='lat' dir='ltr'><strong>quum</strong></span> <span class='ocrx_word' id='word_1_68' title='bbox 2589 1283 2792 1371; x_wconf 72' lang='lat' dir='ltr'><strong>dicit,</strong></span> <span class='ocrx_word' id='word_1_69' title='bbox 2818 1282 2864 1353; x_wconf 89' lang='lat' dir='ltr'><strong>l.</strong></span> <span class='ocrx_word' id='word_1_70' title='bbox 2902 1307 2982 1370; x_wconf 86' lang='lat' dir='ltr'><strong>n,</strong></span> 
     </span>
     <span class='ocr_line' id='line_1_9' title="bbox 833 1393 2982 1495; baseline -0.003 -29"><span class='ocrx_word' id='word_1_71' title='bbox 833 1422 888 1466; x_wconf 85' lang='lat' dir='ltr'><strong>c.</strong></span> <span class='ocrx_word' id='word_1_72' title='bbox 925 1395 1023 1469; x_wconf 81' lang='lat'><strong>30</strong></span> <span class='ocrx_word' id='word_1_73' title='bbox 1054 1425 1071 1466; x_wconf 75' lang='lat' dir='ltr'><em>z</em></span> <span class='ocrx_word' id='word_1_74' title='bbox 1104 1423 1402 1494; x_wconf 80' lang='lat' dir='ltr'><strong>namque</strong></span> <span class='ocrx_word' id='word_1_75' title='bbox 1416 1399 1770 1495; x_wconf 64' lang='lat' dir='ltr'><strong>pler-eisque</strong></span> <span class='ocrx_word' id='word_1_76' title='bbox 1800 1394 2178 1465; x_wconf 76' lang='lat' dir='ltr'><strong>hominibus</strong></span> <span class='ocrx_word' id='word_1_77' title='bbox 2214 1393 2444 1463; x_wconf 78' lang='lat' dir='ltr'><strong>Gallis</strong></span> <span class='ocrx_word' id='word_1_78' title='bbox 2461 1445 2483 1478; x_wconf 89' lang='lat'><strong>,</strong></span> <span class='ocrx_word' id='word_1_79' title='bbox 2494 1413 2652 1487; x_wconf 77' lang='lat' dir='ltr'><strong>prae</strong></span> <span class='ocrx_word' id='word_1_80' title='bbox 2674 1396 2982 1484; x_wconf 75' lang='lat' dir='ltr'><strong>magni-</strong></span> 
     </span>
     <span class='ocr_line' id='line_1_10' title="bbox 832 1501 2980 1602; baseline -0.004 -31"><span class='ocrx_word' id='word_1_81' title='bbox 832 1505 1063 1575; x_wconf 80' lang='lat' dir='ltr'><strong>mdine</strong></span> <span class='ocrx_word' id='word_1_82' title='bbox 1097 1530 1454 1602; x_wconf 68' lang='lat' dir='ltr'><strong>corporwn</strong></span> <span class='ocrx_word' id='word_1_83' title='bbox 1481 1528 1756 1575; x_wconf 81' lang='lat' dir='ltr'><strong>suorum</strong></span> <span class='ocrx_word' id='word_1_84' title='bbox 1785 1502 2079 1572; x_wconf 78' lang='lat' dir='ltr'><strong>brevitas</strong></span> <span class='ocrx_word' id='word_1_85' title='bbox 2098 1514 2340 1570; x_wconf 80' lang='lat' dir='ltr'><strong>nostra</strong></span> <span class='ocrx_word' id='word_1_86' title='bbox 2372 1501 2789 1591; x_wconf 77' lang='lat' dir='ltr'><strong>contemptui</strong></span> <span class='ocrx_word' id='word_1_87' title='bbox 2813 1512 2943 1564; x_wconf 80' lang='lat' dir='ltr'><strong>est</strong></span> <span class='ocrx_word' id='word_1_88' title='bbox 2957 1522 2980 1562; x_wconf 88' lang='lat'>:</span> 
     </span>
     <span class='ocr_line' id='line_1_11' title="bbox 832 1604 2979 1706; baseline -0.004 -27"><span class='ocrx_word' id='word_1_89' title='bbox 832 1624 901 1679; x_wconf 89' lang='lat' dir='ltr'><strong>et</strong></span> <span class='ocrx_word' id='word_1_90' title='bbox 940 1625 1263 1706; x_wconf 89' lang='lat' dir='ltr'><strong>quantum</strong></span> <span class='ocrx_word' id='word_1_91' title='bbox 1306 1614 1545 1681; x_wconf 87' lang='lat' dir='ltr'><strong>terrori</strong></span> <span class='ocrx_word' id='word_1_92' title='bbox 1581 1610 1781 1680; x_wconf 85' lang='lat' dir='ltr'><strong>fuerit</strong></span> <span class='ocrx_word' id='word_1_93' title='bbox 1807 1609 2128 1678; x_wconf 84' lang='lat' dir='ltr'><strong>Romanis</strong></span> <span class='ocrx_word' id='word_1_94' title='bbox 2169 1608 2384 1702; x_wconf 89' lang='lat' dir='ltr'><strong>primo</strong></span> <span class='ocrx_word' id='word_1_95' title='bbox 2419 1618 2691 1699; x_wconf 81' lang='lat' dir='ltr'><strong>aspectu</strong></span> <span class='ocrx_word' id='word_1_96' title='bbox 2726 1604 2979 1696; x_wconf 80' lang='lat' dir='ltr'><strong>ingens</strong></span> 
     </span>
     <span class='ocr_line' id='line_1_12' title="bbox 833 1707 2974 1807; baseline -0.005 -20"><span class='ocrx_word' id='word_1_97' title='bbox 833 1715 1177 1788; x_wconf 84' lang='lat' dir='ltr'><strong>Gallorum</strong></span> <span class='ocrx_word' id='word_1_98' title='bbox 1237 1733 1486 1788; x_wconf 88' lang='lat' dir='ltr'><strong>statura</strong></span> <span class='ocrx_word' id='word_1_99' title='bbox 1503 1771 1522 1807; x_wconf 90' lang='lat'><strong>,</strong></span> <span class='ocrx_word' id='word_1_100' title='bbox 1571 1719 1752 1787; x_wconf 88' lang='lat' dir='ltr'><strong>testis</strong></span> <span class='ocrx_word' id='word_1_101' title='bbox 1802 1730 1902 1785; x_wconf 91' lang='lat' dir='ltr'><strong>est</strong></span> <span class='ocrx_word' id='word_1_102' title='bbox 1960 1715 2187 1783; x_wconf 85' lang='lat' dir='ltr'><strong>Livius</strong></span> <span class='ocrx_word' id='word_1_103' title='bbox 2238 1713 2503 1807; x_wconf 86' lang='lat' dir='ltr'><strong>passim.</strong></span> <span class='ocrx_word' id='word_1_104' title='bbox 2566 1713 2737 1779; x_wconf 82' lang='lat' dir='ltr'>Fere</span> <span class='ocrx_word' id='word_1_105' title='bbox 2796 1707 2974 1778; x_wconf 86' lang='lat' dir='ltr'><strong>idem</strong></span> 
     </span>
     <span class='ocr_line' id='line_1_13' title="bbox 831 1814 2968 1919; baseline -0.004 -28"><span class='ocrx_word' id='word_1_106' title='bbox 831 1823 1072 1893; x_wconf 85' lang='lat' dir='ltr'><strong>Strabo</strong></span> <span class='ocrx_word' id='word_1_107' title='bbox 1110 1823 1151 1892; x_wconf 90' lang='lat' dir='ltr'><strong>l.</strong></span> <span class='ocrx_word' id='word_1_108' title='bbox 1195 1847 1304 1911; x_wconf 78' lang='lat' dir='ltr'><strong>w,</strong></span> <span class='ocrx_word' id='word_1_109' title='bbox 1344 1850 1409 1918; x_wconf 90' lang='lat' dir='ltr'><strong>p.</strong></span> <span class='ocrx_word' id='word_1_110' title='bbox 1462 1821 1605 1919; x_wconf 82' lang='lat'><strong>195</strong></span> <span class='ocrx_word' id='word_1_111' title='bbox 1636 1850 1651 1892; x_wconf 75' lang='grc' dir='ltr'><strong><em>ε</em></strong></span> <span class='ocrx_word' id='word_1_112' title='bbox 1680 1825 1770 1891; x_wconf 86' lang='grc' dir='ltr'><strong>Τὸ</strong></span> <span class='ocrx_word' id='word_1_113' title='bbox 1809 1814 1880 1890; x_wconf 69' lang='grc' dir='ltr'><strong>δὲ</strong></span> <span class='ocrx_word' id='word_1_114' title='bbox 1918 1815 2089 1903; x_wconf 64' lang='grc' dir='ltr'><strong>δίας,</strong></span> <span class='ocrx_word' id='word_1_115' title='bbox 2125 1821 2199 1887; x_wconf 82' lang='grc' dir='ltr'><strong>τὸ</strong></span> <span class='ocrx_word' id='word_1_116' title='bbox 2237 1820 2344 1913; x_wconf 77' lang='grc' dir='ltr'><strong>μὲν</strong></span> <span class='ocrx_word' id='word_1_117' title='bbox 2383 1820 2452 1886; x_wconf 78' lang='grc' dir='ltr'><strong>ἐκ</strong></span> <span class='ocrx_word' id='word_1_118' title='bbox 2487 1824 2616 1883; x_wconf 80' lang='grc' dir='ltr'><strong>τῶν</strong></span> <span class='ocrx_word' id='word_1_119' title='bbox 2662 1816 2968 1910; x_wconf 71' lang='grc' dir='ltr'><strong>σωμάτων</strong></span> 
     </span>
     <span class='ocr_line' id='line_1_14' title="bbox 830 1923 2971 2025; baseline -0.002 -30"><span class='ocrx_word' id='word_1_120' title='bbox 830 1931 962 1995; x_wconf 80' lang='grc' dir='ltr'>ἐστι</span> <span class='ocrx_word' id='word_1_121' title='bbox 983 1931 1264 2025; x_wconf 81' lang='grc' dir='ltr'>μεγάλων</span> <span class='ocrx_word' id='word_1_122' title='bbox 1294 1931 1512 2013; x_wconf 77' lang='grc' dir='ltr'><strong>ὄντων,</strong></span> <span class='ocrx_word' id='word_1_123' title='bbox 1535 1957 1594 1998; x_wconf 86' lang='grc' dir='ltr'><strong>κ.</strong></span> <span class='ocrx_word' id='word_1_124' title='bbox 1625 1936 1775 1996; x_wconf 44' lang='lat' dir='ltr'><strong>ve),-</strong></span> <span class='ocrx_word' id='word_1_125' title='bbox 1804 1926 2213 2019; x_wconf 68' lang='lat' dir='ltr'><strong>Lewffirce</strong></span> <span class='ocrx_word' id='word_1_126' title='bbox 2233 1932 2425 1994; x_wconf 71' lang='lat' dir='ltr'><strong>viem</strong></span> <span class='ocrx_word' id='word_1_127' title='bbox 2446 1923 2539 1994; x_wconf 80' lang='lat' dir='ltr'><strong>de</strong></span> <span class='ocrx_word' id='word_1_128' title='bbox 2566 1925 2971 2018; x_wconf 72' lang='lat' dir='ltr'><strong>l’avantage</strong></span> 
     </span>
     <span class='ocr_line' id='line_1_15' title="bbox 828 2028 2967 2131; baseline -0.003 -28"><span class='ocrx_word' id='word_1_129' title='bbox 828 2033 917 2103; x_wconf 82' lang='lat' dir='ltr'><strong>de</strong></span> <span class='ocrx_word' id='word_1_130' title='bbox 957 2036 1105 2105; x_wconf 77' lang='lat' dir='ltr'><strong>lew·</strong></span> <span class='ocrx_word' id='word_1_131' title='bbox 1137 2037 1344 2106; x_wconf 82' lang='lat' dir='ltr'><strong>taille.</strong></span> <span class='ocrx_word' id='word_1_132' title='bbox 1392 2039 1534 2106; x_wconf 87' lang='lat' dir='ltr'><strong>Hos</strong></span> <span class='ocrx_word' id='word_1_133' title='bbox 1569 2059 1851 2131; x_wconf 85' lang='lat' dir='ltr'><strong>corpora</strong></span> <span class='ocrx_word' id='word_1_134' title='bbox 1878 2033 2229 2129; x_wconf 86' lang='lat' dir='ltr'><strong>plusquam</strong></span> <span class='ocrx_word' id='word_1_135' title='bbox 2261 2030 2563 2100; x_wconf 85' lang='lat' dir='ltr'><strong>humana</strong></span> <span class='ocrx_word' id='word_1_136' title='bbox 2596 2028 2859 2099; x_wconf 86' lang='lat' dir='ltr'><strong>habere</strong></span> <span class='ocrx_word' id='word_1_137' title='bbox 2888 2032 2967 2097; x_wconf 88' lang='lat' dir='ltr'><strong>ait</strong></span> 
     </span>
     <span class='ocr_line' id='line_1_16' title="bbox 827 2139 2964 2235; baseline -0.003 -25"><span class='ocrx_word' id='word_1_138' title='bbox 827 2143 866 2210; x_wconf 88' lang='lat' dir='ltr'><strong>J</strong></span> <span class='ocrx_word' id='word_1_139' title='bbox 869 2143 1214 2214; x_wconf 88' lang='lat' dir='ltr'><strong>ornandes.</strong></span> <span class='ocrx_word' id='word_1_140' title='bbox 1252 2146 1424 2212; x_wconf 85' lang='lat' dir='ltr'><strong>Item</strong></span> <span class='ocrx_word' id='word_1_141' title='bbox 1467 2141 1577 2212; x_wconf 86' lang='lat' dir='ltr'><strong>alii</strong></span> <span class='ocrx_word' id='word_1_142' title='bbox 1612 2167 1843 2212; x_wconf 89' lang='lat' dir='ltr'><strong>omnes</strong></span> <span class='ocrx_word' id='word_1_143' title='bbox 1879 2141 2251 2235; x_wconf 74' lang='lat' dir='ltr'><strong>scriptores·</strong></span> <span class='ocrx_word' id='word_1_144' title='bbox 2290 2139 2501 2207; x_wconf 87' lang='lat' dir='ltr'><strong>Porro</strong></span> <span class='ocrx_word' id='word_1_145' title='bbox 2557 2151 2831 2206; x_wconf 88' lang='lat' dir='ltr'><strong>statura</strong></span> <span class='ocrx_word' id='word_1_146' title='bbox 2868 2161 2964 2205; x_wconf 89' lang='lat' dir='ltr'><strong>eo-</strong></span> 
     </span>
     <span class='ocr_line' id='line_1_17' title="bbox 828 2245 2959 2344; baseline -0.002 -27"><span class='ocrx_word' id='word_1_147' title='bbox 828 2272 977 2317; x_wconf 86' lang='lat' dir='ltr'><strong>rum</strong></span> <span class='ocrx_word' id='word_1_148' title='bbox 998 2304 1017 2338; x_wconf 92' lang='lat'><strong>,</strong></span> <span class='ocrx_word' id='word_1_149' title='bbox 1052 2264 1375 2344; x_wconf 87' lang='lat' dir='ltr'><strong>quantum</strong></span> <span class='ocrx_word' id='word_1_150' title='bbox 1405 2250 1678 2320; x_wconf 89' lang='lat' dir='ltr'><strong>memini</strong></span> <span class='ocrx_word' id='word_1_151' title='bbox 1713 2272 1821 2318; x_wconf 89' lang='lat' dir='ltr'><strong>me</strong></span> <span class='ocrx_word' id='word_1_152' title='bbox 1848 2245 2116 2341; x_wconf 86' lang='lat' dir='ltr'><strong>legisse,</strong></span> <span class='ocrx_word' id='word_1_153' title='bbox 2143 2248 2614 2314; x_wconf 84' lang='lat' dir='ltr'><strong>Romanorum</strong></span> <span class='ocrx_word' id='word_1_154' title='bbox 2650 2257 2959 2313; x_wconf 75' lang='lat' dir='ltr'><strong>statui-m</strong></span> 
     </span>
     <span class='ocr_line' id='line_1_18' title="bbox 826 2352 2958 2452; baseline -0.002 -28"><span class='ocrx_word' id='word_1_155' title='bbox 826 2379 941 2424; x_wconf 83' lang='lat' dir='ltr'><strong>sex</strong></span> <span class='ocrx_word' id='word_1_156' title='bbox 993 2356 1097 2426; x_wconf 85' lang='lat' dir='ltr'><strong>vel</strong></span> <span class='ocrx_word' id='word_1_157' title='bbox 1154 2355 1454 2452; x_wconf 79' lang='lat' dir='ltr'><strong>pluribus</strong></span> <span class='ocrx_word' id='word_1_158' title='bbox 1514 2358 1726 2426; x_wconf 88' lang='lat' dir='ltr'><strong>unciis</strong></span> <span class='ocrx_word' id='word_1_159' title='bbox 1775 2352 2152 2424; x_wconf 83' lang='lat' dir='ltr'><strong>excedebat.</strong></span> <span class='ocrx_word' id='word_1_160' title='bbox 2214 2353 2689 2420; x_wconf 83' lang='lat' dir='ltr'><strong>Romanorum</strong></span> <span class='ocrx_word' id='word_1_161' title='bbox 2758 2365 2958 2419; x_wconf 84' lang='lat' dir='ltr'><strong>autem</strong></span> 
     </span>
     <span class='ocr_line' id='line_1_19' title="bbox 825 2455 2958 2556; baseline -0.001 -28"><span class='ocrx_word' id='word_1_162' title='bbox 825 2475 1076 2531; x_wconf 88' lang='lat' dir='ltr'><strong>statura</strong></span> <span class='ocrx_word' id='word_1_163' title='bbox 1115 2488 1252 2533; x_wconf 91' lang='lat' dir='ltr'><strong>non</strong></span> <span class='ocrx_word' id='word_1_164' title='bbox 1290 2464 1581 2556; x_wconf 90' lang='lat' dir='ltr'><strong>quinque</strong></span> <span class='ocrx_word' id='word_1_165' title='bbox 1612 2461 1813 2556; x_wconf 88' lang='lat' dir='ltr'><strong>pedes</strong></span> <span class='ocrx_word' id='word_1_166' title='bbox 1842 2475 1909 2529; x_wconf 88' lang='lat' dir='ltr'><strong>et</strong></span> <span class='ocrx_word' id='word_1_167' title='bbox 1947 2459 2111 2529; x_wconf 90' lang='lat' dir='ltr'><strong>duas</strong></span> <span class='ocrx_word' id='word_1_168' title='bbox 2137 2455 2246 2526; x_wconf 87' lang='lat' dir='ltr'><strong>vel</strong></span> <span class='ocrx_word' id='word_1_169' title='bbox 2283 2468 2416 2526; x_wconf 85' lang='lat' dir='ltr'><strong>tres</strong></span> <span class='ocrx_word' id='word_1_170' title='bbox 2452 2458 2699 2526; x_wconf 88' lang='lat' dir='ltr'><strong>uncias</strong></span> <span class='ocrx_word' id='word_1_171' title='bbox 2721 2509 2745 2542; x_wconf 92' lang='lat'><strong>,</strong></span> <span class='ocrx_word' id='word_1_172' title='bbox 2782 2481 2958 2551; x_wconf 77' lang='lat' dir='ltr'><strong>supe-</strong></span> 
     </span>
     <span class='ocr_line' id='line_1_20' title="bbox 822 2562 2955 2660; baseline -0 -26"><span class='ocrx_word' id='word_1_173' title='bbox 822 2566 1030 2637; x_wconf 84' lang='lat' dir='ltr'><strong>rabat.</strong></span> <span class='ocrx_word' id='word_1_174' title='bbox 1063 2566 1237 2638; x_wconf 88' lang='lat' dir='ltr'><strong>Galli</strong></span> <span class='ocrx_word' id='word_1_175' title='bbox 1259 2583 1483 2638; x_wconf 89' lang='lat' dir='ltr'><strong>autem</strong></span> <span class='ocrx_word' id='word_1_176' title='bbox 1509 2568 1648 2638; x_wconf 86' lang='lat' dir='ltr'><strong>fere</strong></span> <span class='ocrx_word' id='word_1_177' title='bbox 1669 2592 1900 2637; x_wconf 89' lang='lat' dir='ltr'><strong>omnes</strong></span> <span class='ocrx_word' id='word_1_178' title='bbox 1921 2621 1940 2655; x_wconf 91' lang='lat'><strong>,</strong></span> <span class='ocrx_word' id='word_1_179' title='bbox 1964 2590 2173 2660; x_wconf 89' lang='lat' dir='ltr'><strong>usque</strong></span> <span class='ocrx_word' id='word_1_180' title='bbox 2202 2562 2286 2633; x_wconf 91' lang='lat' dir='ltr'><strong>ad</strong></span> <span class='ocrx_word' id='word_1_181' title='bbox 2316 2589 2427 2633; x_wconf 84' lang='lat' dir='ltr'><strong>sex</strong></span> <span class='ocrx_word' id='word_1_182' title='bbox 2454 2562 2613 2657; x_wconf 90' lang='lat' dir='ltr'><strong>ped.</strong></span> <span class='ocrx_word' id='word_1_183' title='bbox 2649 2577 2726 2634; x_wconf 88' lang='lat' dir='ltr'><strong>et</strong></span> <span class='ocrx_word' id='word_1_184' title='bbox 2752 2562 2955 2659; x_wconf 73' lang='lat' dir='ltr'><strong>plin-es</strong></span> 
     </span>
     <span class='ocr_line' id='line_1_21' title="bbox 821 2669 2967 2768; baseline -0.001 -27"><span class='ocrx_word' id='word_1_185' title='bbox 821 2674 1052 2742; x_wconf 82' lang='lat' dir='ltr'><strong>uncias</strong></span> <span class='ocrx_word' id='word_1_186' title='bbox 1068 2674 1559 2768; x_wconf 80' lang='lat' dir='ltr'><strong>perveniebant.</strong></span> <span class='ocrx_word' id='word_1_187' title='bbox 1580 2676 1687 2744; x_wconf 88' lang='lat' dir='ltr'><strong>De</strong></span> <span class='ocrx_word' id='word_1_188' title='bbox 1714 2673 1997 2743; x_wconf 83' lang='lat' dir='ltr'><strong>candido</strong></span> <span class='ocrx_word' id='word_1_189' title='bbox 2025 2671 2248 2742; x_wconf 87' lang='lat' dir='ltr'><strong>colore</strong></span> <span class='ocrx_word' id='word_1_190' title='bbox 2271 2672 2573 2766; x_wconf 85' lang='lat' dir='ltr'><strong>corporis</strong></span> <span class='ocrx_word' id='word_1_191' title='bbox 2606 2669 2833 2767; x_wconf 79' lang='lat' dir='ltr'><strong>gallici</strong></span> <span class='ocrx_word' id='word_1_192' title='bbox 2856 2685 2967 2739; x_wconf 73' lang='lat' dir='ltr'><strong>tes·</strong></span> 
     </span>
     <span class='ocr_line' id='line_1_22' title="bbox 822 2777 2958 2876; baseline -0.001 -29"><span class='ocrx_word' id='word_1_193' title='bbox 822 2791 1002 2847; x_wconf 89' lang='lat' dir='ltr'><strong>tatur</strong></span> <span class='ocrx_word' id='word_1_194' title='bbox 1021 2782 1220 2850; x_wconf 90' lang='lat' dir='ltr'><strong>etiam</strong></span> <span class='ocrx_word' id='word_1_195' title='bbox 1237 2805 1482 2850; x_wconf 90' lang='lat' dir='ltr'><strong>nomen</strong></span> <span class='ocrx_word' id='word_1_196' title='bbox 1505 2782 1662 2876; x_wconf 89' lang='lat' dir='ltr'><strong>ipsis</strong></span> <span class='ocrx_word' id='word_1_197' title='bbox 1695 2781 1976 2850; x_wconf 85' lang='lat' dir='ltr'><strong>inditum</strong></span> <span class='ocrx_word' id='word_1_198' title='bbox 2017 2804 2058 2848; x_wconf 88' lang='lat' dir='ltr'><strong>a</strong></span> <span class='ocrx_word' id='word_1_199' title='bbox 2096 2779 2382 2849; x_wconf 85' lang='lat' dir='ltr'><strong>Graecis:</strong></span> <span class='ocrx_word' id='word_1_200' title='bbox 2414 2801 2575 2846; x_wconf 89' lang='lat' dir='ltr'><strong>nam</strong></span> <span class='ocrx_word' id='word_1_201' title='bbox 2595 2777 2893 2845; x_wconf 71' lang='grc' dir='ltr'><strong>Γαλάται</strong></span> <span class='ocrx_word' id='word_1_202' title='bbox 2923 2800 2958 2844; x_wconf 83' lang='lat' dir='ltr'><strong>a</strong></span> 
     </span>
     <span class='ocr_line' id='line_1_23' title="bbox 822 2881 2963 2982; baseline 0 -30"><span class='ocrx_word' id='word_1_203' title='bbox 822 2886 1033 2971; x_wconf 82' lang='grc' dir='ltr'><strong>Γοΐλα,</strong></span> <span class='ocrx_word' id='word_1_204' title='bbox 1069 2914 1215 2967; x_wconf 80' lang='grc' dir='ltr'><strong>κτος</strong></span> <span class='ocrx_word' id='word_1_205' title='bbox 1236 2942 1255 2976; x_wconf 88' lang='grc'><em>,</em></span> <span class='ocrx_word' id='word_1_206' title='bbox 1299 2886 1475 2982; x_wconf 90' lang='lat' dir='ltr'><strong>quod</strong></span> <span class='ocrx_word' id='word_1_207' title='bbox 1523 2889 1641 2957; x_wconf 86' lang='lat' dir='ltr'><strong>lac</strong></span> <span class='ocrx_word' id='word_1_208' title='bbox 1678 2886 2046 2982; x_wconf 85' lang='lat' dir='ltr'><strong>significat:</strong></span> <span class='ocrx_word' id='word_1_209' title='bbox 2093 2884 2269 2954; x_wconf 90' lang='lat' dir='ltr'><strong>unde</strong></span> <span class='ocrx_word' id='word_1_210' title='bbox 2308 2884 2609 2953; x_wconf 86' lang='lat' dir='ltr'><strong>Petronii</strong></span> <span class='ocrx_word' id='word_1_211' title='bbox 2653 2881 2750 2953; x_wconf 88' lang='lat' dir='ltr'><strong>ad</strong></span> <span class='ocrx_word' id='word_1_212' title='bbox 2793 2886 2963 2954; x_wconf 91' lang='lat' dir='ltr'><strong>Gito-</strong></span> 
     </span>
     <span class='ocr_line' id='line_1_24' title="bbox 821 2990 2958 3085; baseline -0 -25"><span class='ocrx_word' id='word_1_213' title='bbox 821 3016 974 3062; x_wconf 87' lang='lat' dir='ltr'><strong>nem</strong></span> <span class='ocrx_word' id='word_1_214' title='bbox 1003 2994 1147 3064; x_wconf 84' lang='lat' dir='ltr'><strong>haec</strong></span> <span class='ocrx_word' id='word_1_215' title='bbox 1179 2995 1386 3066; x_wconf 85' lang='lat' dir='ltr'><strong>verba</strong></span> <span class='ocrx_word' id='word_1_216' title='bbox 1414 3020 1430 3063; x_wconf 76' lang='grc' dir='ltr'><strong><em>ε</em></strong></span> <span class='ocrx_word' id='word_1_217' title='bbox 1469 3001 1814 3064; x_wconf 75' lang='lat' dir='ltr'><strong>incretam</strong></span> <span class='ocrx_word' id='word_1_218' title='bbox 1836 2992 2086 3085; x_wconf 63' lang='lat' dir='ltr'><strong>factes</strong></span> <span class='ocrx_word' id='word_1_219' title='bbox 2100 3045 2122 3077; x_wconf 91' lang='lat'><strong>,</strong></span> <span class='ocrx_word' id='word_1_220' title='bbox 2163 3008 2238 3061; x_wconf 81' lang='lat' dir='ltr'><strong>ut</strong></span> <span class='ocrx_word' id='word_1_221' title='bbox 2291 2995 2467 3060; x_wconf 64' lang='lat' dir='ltr'><strong>cibes</strong></span> <span class='ocrx_word' id='word_1_222' title='bbox 2510 2990 2770 3060; x_wconf 77' lang='lat' dir='ltr'><strong>Gallia</strong></span> <span class='ocrx_word' id='word_1_223' title='bbox 2808 3014 2958 3060; x_wconf 84' lang='lat' dir='ltr'><strong>suos</strong></span> 
     </span>
     <span class='ocr_line' id='line_1_25' title="bbox 803 3095 2957 3194; baseline -0.002 -25"><span class='ocrx_word' id='word_1_224' title='bbox 803 3115 1026 3194; x_wconf 82' lang='lat' dir='ltr'><strong>putet.</strong></span> <span class='ocrx_word' id='word_1_225' title='bbox 1072 3104 1352 3171; x_wconf 88' lang='lat' dir='ltr'><strong>Comam</strong></span> <span class='ocrx_word' id='word_1_226' title='bbox 1396 3101 1518 3170; x_wconf 87' lang='lat' dir='ltr'><strong>hos</strong></span> <span class='ocrx_word' id='word_1_227' title='bbox 1552 3100 1726 3170; x_wconf 88' lang='lat' dir='ltr'><strong>alere</strong></span> <span class='ocrx_word' id='word_1_228' title='bbox 1767 3123 1954 3170; x_wconf 82' lang='lat' dir='ltr'><strong>suam</strong></span> <span class='ocrx_word' id='word_1_229' title='bbox 1995 3097 2381 3168; x_wconf 86' lang='lat' dir='ltr'><strong>naturaliter</strong></span> <span class='ocrx_word' id='word_1_230' title='bbox 2418 3095 2667 3166; x_wconf 84' lang='lat' dir='ltr'><strong>flavam</strong></span> <span class='ocrx_word' id='word_1_231' title='bbox 2709 3112 2785 3165; x_wconf 90' lang='lat' dir='ltr'><strong>et</strong></span> <span class='ocrx_word' id='word_1_232' title='bbox 2820 3095 2957 3192; x_wconf 87' lang='lat' dir='ltr'><strong>pul·</strong></span> 
     </span>
     <span class='ocr_line' id='line_1_26' title="bbox 821 3201 2959 3302; baseline -0.001 -27"><span class='ocrx_word' id='word_1_233' title='bbox 821 3203 1247 3295; x_wconf 78' lang='lat' dir='ltr'><strong>chen-imam,</strong></span> <span class='ocrx_word' id='word_1_234' title='bbox 1310 3207 1750 3302; x_wconf 84' lang='lat' dir='ltr'><strong>decenterque</strong></span> <span class='ocrx_word' id='word_1_235' title='bbox 1804 3208 1873 3274; x_wconf 89' lang='lat' dir='ltr'><strong>in</strong></span> <span class='ocrx_word' id='word_1_236' title='bbox 1920 3206 2234 3276; x_wconf 85' lang='lat' dir='ltr'><strong>humeros</strong></span> <span class='ocrx_word' id='word_1_237' title='bbox 2283 3201 2856 3300; x_wconf 88' lang='lat' dir='ltr'><strong>propendentem,</strong></span> <span class='ocrx_word' id='word_1_238' title='bbox 2899 3217 2959 3272; x_wconf 87' lang='lat' dir='ltr'><strong>et</strong></span> 
     </span>
     <span class='ocr_line' id='line_1_27' title="bbox 822 3311 2961 3409; baseline -0 -30"><span class='ocrx_word' id='word_1_239' title='bbox 822 3335 904 3380; x_wconf 87' lang='lat' dir='ltr'><strong>ex</strong></span> <span class='ocrx_word' id='word_1_240' title='bbox 933 3316 1263 3392; x_wconf 85' lang='lat' dir='ltr'><strong>anteriore</strong></span> <span class='ocrx_word' id='word_1_241' title='bbox 1293 3328 1480 3408; x_wconf 89' lang='lat' dir='ltr'><strong>parte</strong></span> <span class='ocrx_word' id='word_1_242' title='bbox 1515 3315 1746 3409; x_wconf 86' lang='lat' dir='ltr'><strong>capitis</strong></span> <span class='ocrx_word' id='word_1_243' title='bbox 1781 3315 1853 3381; x_wconf 89' lang='lat' dir='ltr'><strong>in</strong></span> <span class='ocrx_word' id='word_1_244' title='bbox 1894 3311 2114 3381; x_wconf 71' lang='lat' dir='ltr'><strong>fi-onte</strong></span> <span class='ocrx_word' id='word_1_245' title='bbox 2152 3311 2709 3398; x_wconf 60' lang='lat' dir='ltr'><strong>discriminum,</strong></span> <span class='ocrx_word' id='word_1_246' title='bbox 2740 3324 2811 3379; x_wconf 90' lang='lat' dir='ltr'><strong>et</strong></span> <span class='ocrx_word' id='word_1_247' title='bbox 2845 3333 2961 3404; x_wconf 87' lang='lat' dir='ltr'><strong>per</strong></span> 
     </span>
     <span class='ocr_line' id='line_1_28' title="bbox 821 3414 2957 3514; baseline 0 -28"><span class='ocrx_word' id='word_1_248' title='bbox 821 3431 1179 3514; x_wconf 86' lang='lat' dir='ltr'><strong>utrumque</strong></span> <span class='ocrx_word' id='word_1_249' title='bbox 1205 3419 1376 3490; x_wconf 87' lang='lat' dir='ltr'><strong>latus</strong></span> <span class='ocrx_word' id='word_1_250' title='bbox 1412 3419 1843 3507; x_wconf 87' lang='lat' dir='ltr'><strong>defluentem,</strong></span> <span class='ocrx_word' id='word_1_251' title='bbox 1868 3433 2172 3488; x_wconf 88' lang='lat' dir='ltr'><strong>auctores</strong></span> <span class='ocrx_word' id='word_1_252' title='bbox 2210 3433 2367 3487; x_wconf 90' lang='lat' dir='ltr'><strong>sunt</strong></span> <span class='ocrx_word' id='word_1_253' title='bbox 2401 3416 2646 3488; x_wconf 84' lang='lat' dir='ltr'><strong>Strabo</strong></span> <span class='ocrx_word' id='word_1_254' title='bbox 2659 3470 2681 3503; x_wconf 91' lang='lat'><strong>,</strong></span> <span class='ocrx_word' id='word_1_255' title='bbox 2704 3430 2775 3485; x_wconf 89' lang='lat' dir='ltr'><strong>et</strong></span> <span class='ocrx_word' id='word_1_256' title='bbox 2808 3414 2957 3487; x_wconf 83' lang='lat' dir='ltr'><strong>Cle-</strong></span> 
     </span>
     <span class='ocr_line' id='line_1_29' title="bbox 819 3522 2957 3622; baseline 0.001 -30"><span class='ocrx_word' id='word_1_257' title='bbox 819 3548 1007 3595; x_wconf 89' lang='lat' dir='ltr'><strong>mens</strong></span> <span class='ocrx_word' id='word_1_258' title='bbox 1041 3526 1224 3597; x_wconf 77' lang='lat' dir='ltr'><strong>Alex.</strong></span> <span class='ocrx_word' id='word_1_259' title='bbox 1272 3541 1341 3596; x_wconf 89' lang='lat' dir='ltr'><strong>et</strong></span> <span class='ocrx_word' id='word_1_260' title='bbox 1392 3525 1501 3596; x_wconf 89' lang='lat' dir='ltr'><strong>alii</strong></span> <span class='ocrx_word' id='word_1_261' title='bbox 1542 3525 1902 3622; x_wconf 87' lang='lat' dir='ltr'><strong>permulti:</strong></span> <span class='ocrx_word' id='word_1_262' title='bbox 1944 3522 2120 3592; x_wconf 89' lang='lat' dir='ltr'><strong>unde</strong></span> <span class='ocrx_word' id='word_1_263' title='bbox 2167 3522 2387 3594; x_wconf 87' lang='lat' dir='ltr'><strong>Gallia</strong></span> <span class='ocrx_word' id='word_1_264' title='bbox 2431 3539 2719 3594; x_wconf 81' lang='lat' dir='ltr'><strong>comata</strong></span> <span class='ocrx_word' id='word_1_265' title='bbox 2763 3522 2957 3594; x_wconf 82' lang='lat' dir='ltr'><strong>dicta.</strong></span> 
     </span>
     <span class='ocr_line' id='line_1_30' title="bbox 817 3628 2957 3724; baseline -0.001 -22"><span class='ocrx_word' id='word_1_266' title='bbox 817 3630 1041 3718; x_wconf 80' lang='lat' dir='ltr'><strong>Quam</strong></span> <span class='ocrx_word' id='word_1_267' title='bbox 1087 3634 1418 3704; x_wconf 66' lang='lat' dir='ltr'><strong>caesariem</strong></span> <span class='ocrx_word' id='word_1_268' title='bbox 1458 3649 1595 3702; x_wconf 87' lang='lat' dir='ltr'><strong>tam</strong></span> <span class='ocrx_word' id='word_1_269' title='bbox 1641 3630 1932 3703; x_wconf 90' lang='lat' dir='ltr'><strong>nobilem</strong></span> <span class='ocrx_word' id='word_1_270' title='bbox 1977 3629 2174 3701; x_wconf 87' lang='lat' dir='ltr'><strong>calcis</strong></span> <span class='ocrx_word' id='word_1_271' title='bbox 2222 3628 2561 3699; x_wconf 86' lang='lat' dir='ltr'><strong>ablutione</strong></span> <span class='ocrx_word' id='word_1_272' title='bbox 2607 3628 2957 3724; x_wconf 83' lang='lat' dir='ltr'><strong>diligenter</strong></span> 
     </span>
     <span class='ocr_line' id='line_1_31' title="bbox 816 3733 2951 3835; baseline -0 -30"><span class='ocrx_word' id='word_1_273' title='bbox 816 3734 1153 3826; x_wconf 74' lang='lat' dir='ltr'><strong>colebant,</strong></span> <span class='ocrx_word' id='word_1_274' title='bbox 1187 3754 1256 3809; x_wconf 90' lang='lat' dir='ltr'><strong>et</strong></span> <span class='ocrx_word' id='word_1_275' title='bbox 1291 3763 1538 3835; x_wconf 81' lang='lat' dir='ltr'><strong>sapone</strong></span> <span class='ocrx_word' id='word_1_276' title='bbox 1574 3764 1657 3809; x_wconf 80' lang='lat' dir='ltr'><strong>ex</strong></span> <span class='ocrx_word' id='word_1_277' title='bbox 1691 3759 1849 3808; x_wconf 82' lang='lat' dir='ltr'><strong>sevo</strong></span> <span class='ocrx_word' id='word_1_278' title='bbox 1900 3753 1968 3808; x_wconf 89' lang='lat' dir='ltr'><strong>et</strong></span> <span class='ocrx_word' id='word_1_279' title='bbox 2001 3740 2222 3808; x_wconf 86' lang='lat' dir='ltr'><strong>cinere</strong></span> <span class='ocrx_word' id='word_1_280' title='bbox 2265 3733 2591 3822; x_wconf 89' lang='lat' dir='ltr'><strong>conficto,</strong></span> <span class='ocrx_word' id='word_1_281' title='bbox 2630 3736 2817 3830; x_wconf 84' lang='lat' dir='ltr'><strong>quod</strong></span> <span class='ocrx_word' id='word_1_282' title='bbox 2850 3737 2951 3804; x_wconf 90' lang='lat' dir='ltr'><strong>in-</strong></span> 
     </span>
     <span class='ocr_line' id='line_1_32' title="bbox 813 3839 2950 3941; baseline -0 -30"><span class='ocrx_word' id='word_1_283' title='bbox 813 3858 1091 3914; x_wconf 81' lang='lat' dir='ltr'><strong>ventum</strong></span> <span class='ocrx_word' id='word_1_284' title='bbox 1127 3861 1272 3915; x_wconf 84' lang='lat' dir='ltr'><strong>erat</strong></span> <span class='ocrx_word' id='word_1_285' title='bbox 1298 3843 1641 3941; x_wconf 87' lang='lat' dir='ltr'><strong>gallicum,</strong></span> <span class='ocrx_word' id='word_1_286' title='bbox 1662 3844 2038 3940; x_wconf 79' lang='lat' dir='ltr'><strong>ungebant3</strong></span> <span class='ocrx_word' id='word_1_287' title='bbox 2068 3844 2161 3913; x_wconf 90' lang='lat' dir='ltr'><strong>ita</strong></span> <span class='ocrx_word' id='word_1_288' title='bbox 2198 3857 2306 3931; x_wconf 92' lang='lat' dir='ltr'><strong>ut,</strong></span> <span class='ocrx_word' id='word_1_289' title='bbox 2334 3866 2471 3914; x_wconf 87' lang='lat' dir='ltr'><strong>non</strong></span> <span class='ocrx_word' id='word_1_290' title='bbox 2502 3839 2726 3912; x_wconf 86' lang='lat' dir='ltr'><strong>solum</strong></span> <span class='ocrx_word' id='word_1_291' title='bbox 2762 3842 2950 3928; x_wconf 77' lang='lat' dir='ltr'><strong>flavi,</strong></span> 
     </span>
     <span class='ocr_line' id='line_1_33' title="bbox 816 3947 2947 4043; baseline -0.001 -24"><span class='ocrx_word' id='word_1_292' title='bbox 816 3949 932 4019; x_wconf 87' lang='lat' dir='ltr'><strong>sed</strong></span> <span class='ocrx_word' id='word_1_293' title='bbox 967 3965 1036 4021; x_wconf 92' lang='lat' dir='ltr'><strong>et</strong></span> <span class='ocrx_word' id='word_1_294' title='bbox 1068 3951 1247 4022; x_wconf 86' lang='lat' dir='ltr'><strong>rutili</strong></span> <span class='ocrx_word' id='word_1_295' title='bbox 1274 3954 1488 4023; x_wconf 86' lang='lat' dir='ltr'><strong>crines</strong></span> <span class='ocrx_word' id='word_1_296' title='bbox 1524 3977 1757 4022; x_wconf 87' lang='lat' dir='ltr'><strong>eorum</strong></span> <span class='ocrx_word' id='word_1_297' title='bbox 1787 3951 2055 4039; x_wconf 85' lang='lat' dir='ltr'><strong>fierent,</strong></span> <span class='ocrx_word' id='word_1_298' title='bbox 2078 3950 2257 4043; x_wconf 84' lang='lat' dir='ltr'><strong>jubis</strong></span> <span class='ocrx_word' id='word_1_299' title='bbox 2277 3947 2546 4020; x_wconf 86' lang='lat' dir='ltr'><strong>leonum</strong></span> <span class='ocrx_word' id='word_1_300' title='bbox 2573 3947 2759 4018; x_wconf 90' lang='lat' dir='ltr'><strong>haud</strong></span> <span class='ocrx_word' id='word_1_301' title='bbox 2781 3947 2947 4017; x_wconf 86' lang='lat' dir='ltr'><strong>absi·</strong></span> 
     </span>
     <span class='ocr_line' id='line_1_34' title="bbox 815 4052 2945 4155; baseline 0 -30"><span class='ocrx_word' id='word_1_302' title='bbox 815 4055 1019 4128; x_wconf 83' lang='lat' dir='ltr'><strong>miles.</strong></span> <span class='ocrx_word' id='word_1_303' title='bbox 1067 4060 1272 4155; x_wconf 83' lang='lat' dir='ltr'><strong>Finge</strong></span> <span class='ocrx_word' id='word_1_304' title='bbox 1317 4060 1521 4154; x_wconf 82' lang='lat' dir='ltr'><strong>igitur</strong></span> <span class='ocrx_word' id='word_1_305' title='bbox 1565 4082 1849 4155; x_wconf 87' lang='lat' dir='ltr'><strong>corpora</strong></span> <span class='ocrx_word' id='word_1_306' title='bbox 1899 4081 2213 4153; x_wconf 85' lang='lat' dir='ltr'><strong>procera,</strong></span> <span class='ocrx_word' id='word_1_307' title='bbox 2251 4054 2549 4125; x_wconf 85' lang='lat' dir='ltr'><strong>albedine</strong></span> <span class='ocrx_word' id='word_1_308' title='bbox 2599 4052 2945 4140; x_wconf 79' lang='lat' dir='ltr'><strong>notabilia,</strong></span> 
     </span>
     <span class='ocr_line' id='line_1_35' title="bbox 816 4160 2943 4256; baseline -0.002 -20"><span class='ocrx_word' id='word_1_309' title='bbox 816 4162 1023 4236; x_wconf 84' lang='lat' dir='ltr'><strong>oculis</strong></span> <span class='ocrx_word' id='word_1_310' title='bbox 1046 4164 1349 4238; x_wconf 75' lang='lat' dir='ltr'><strong>caeruleis</strong></span> <span class='ocrx_word' id='word_1_311' title='bbox 1364 4221 1384 4256; x_wconf 92' lang='lat'><strong>,</strong></span> <span class='ocrx_word' id='word_1_312' title='bbox 1409 4167 1597 4238; x_wconf 85' lang='lat' dir='ltr'><strong>flavis</strong></span> <span class='ocrx_word' id='word_1_313' title='bbox 1618 4181 1688 4238; x_wconf 89' lang='lat' dir='ltr'><strong>et</strong></span> <span class='ocrx_word' id='word_1_314' title='bbox 1711 4164 2129 4238; x_wconf 84' lang='lat' dir='ltr'><strong>rutilantibus</strong></span> <span class='ocrx_word' id='word_1_315' title='bbox 2156 4163 2362 4237; x_wconf 87' lang='lat' dir='ltr'><strong>comis</strong></span> <span class='ocrx_word' id='word_1_316' title='bbox 2376 4215 2396 4251; x_wconf 88' lang='lat'><strong>,</strong></span> <span class='ocrx_word' id='word_1_317' title='bbox 2416 4163 2686 4232; x_wconf 79' lang='lat' dir='ltr'><strong>caesarie</strong></span> <span class='ocrx_word' id='word_1_318' title='bbox 2715 4160 2943 4232; x_wconf 79' lang='lat' dir='ltr'><strong>barba-</strong></span> 
     </span>
    </p>
   </div>
  </div>
 </body>
</html>
