<?xml version="1.0" encoding="UTF-8"?>
<!DOCTYPE html PUBLIC "-//W3C//DTD XHTML 1.0 Transitional//EN"
    "http://www.w3.org/TR/xhtml1/DTD/xhtml1-transitional.dtd">
<html xmlns="http://www.w3.org/1999/xhtml" xml:lang="en" lang="en">
 <head>
  <title>
</title>
<meta http-equiv="Content-Type" content="text/html;charset=utf-8" />
  <meta name='ocr-system' content='tesseract 3.04.00' />
  <meta name='ocr-capabilities' content='ocr_page ocr_carea ocr_par ocr_line ocrx_word'/>
</head>
<body>
  <div class='ocr_page' id='page_1' title='image "./caesaradbodices00caesgoog_0292.png"; bbox 0 0 3111 5147; ppageno 0'>
   <div class='ocr_carea' id='block_1_1' title="bbox 733 523 881 597">
    <p class='ocr_par' dir='ltr' id='par_1_1' title="bbox 733 523 881 597">
     <span class='ocr_line' id='line_1_1' title="bbox 733 523 881 597; baseline 0.007 -1"><span class='ocrx_word' id='word_1_1' title='bbox 733 523 881 597; x_wconf 78' lang='lat'><strong>258</strong></span> 
     </span>
    </p>
   </div>
   <div class='ocr_carea' id='block_1_2' title="bbox 1044 527 2579 598">
    <p class='ocr_par' dir='ltr' id='par_1_2' title="bbox 1044 527 2579 598">
     <span class='ocr_line' id='line_1_2' title="bbox 1044 527 2579 598; baseline 0.001 -3"><span class='ocrx_word' id='word_1_2' title='bbox 1044 530 1122 595; x_wconf 87' lang='lat' dir='ltr'><strong>C.</strong></span> <span class='ocrx_word' id='word_1_3' title='bbox 1176 529 1460 597; x_wconf 86' lang='lat' dir='ltr'>JULII</span> <span class='ocrx_word' id='word_1_4' title='bbox 1514 527 1979 598; x_wconf 70' lang='lat' dir='ltr'><strong>CAESARIS</strong></span> <span class='ocrx_word' id='word_1_5' title='bbox 2033 528 2579 598; x_wconf 79' lang='lat' dir='ltr'><strong>COMMENT.</strong></span> 
     </span>
    </p>
   </div>
   <div class='ocr_carea' id='block_1_3' title="bbox 721 654 2863 862">
    <p class='ocr_par' dir='ltr' id='par_1_3' title="bbox 721 654 2863 862">
     <span class='ocr_line' id='line_1_3' title="bbox 721 654 2863 790; baseline -0.001 -61"><span class='ocrx_word' id='word_1_6' title='bbox 721 659 1124 756; x_wconf 78' lang='lat' dir='ltr'><strong>praedicant3</strong></span> <span class='ocrx_word' id='word_1_7' title='bbox 1149 654 1345 754; x_wconf 86' lang='lat' dir='ltr'><strong>idque</strong></span> <span class='ocrx_word' id='word_1_8' title='bbox 1379 660 1465 729; x_wconf 88' lang='lat' dir='ltr'><strong>ab</strong></span> <span class='ocrx_word' id='word_1_9' title='bbox 1506 657 1870 731; x_wconf 87' lang='lat' dir='ltr'><strong>Druidibus</strong></span> <span class='ocrx_word' id='word_1_10' title='bbox 1906 658 2240 754; x_wconf 88' lang='lat' dir='ltr'><strong>proditum</strong></span> <span class='ocrx_word' id='word_1_11' title='bbox 2268 658 2515 729; x_wconf 86' lang='lat' dir='ltr'><strong>dicunt.</strong></span> <span class='ocrx_word' id='word_1_12' title='bbox 2563 657 2692 790; x_wconf 82' lang='lat' dir='ltr'><strong>Ob³</strong></span> <span class='ocrx_word' id='word_1_13' title='bbox 2711 682 2863 728; x_wconf 85' lang='lat' dir='ltr'><strong>eam</strong></span> 
     </span>
     <span class='ocr_line' id='line_1_4' title="bbox 721 750 2861 862; baseline -0 -25"><span class='ocrx_word' id='word_1_14' title='bbox 721 764 1032 837; x_wconf 82' lang='lat' dir='ltr'><strong>causam²</strong></span> <span class='ocrx_word' id='word_1_15' title='bbox 1033 769 1273 862; x_wconf 83' lang='lat' dir='ltr'><strong>spatia</strong></span> <span class='ocrx_word' id='word_1_16' title='bbox 1312 767 1524 835; x_wconf 89' lang='lat' dir='ltr'><strong>omnis</strong></span> <span class='ocrx_word' id='word_1_17' title='bbox 1553 765 1868 861; x_wconf 85' lang='lat' dir='ltr'><strong>temporis</strong></span> <span class='ocrx_word' id='word_1_18' title='bbox 1901 790 2038 835; x_wconf 90' lang='lat' dir='ltr'><strong>non</strong></span> <span class='ocrx_word' id='word_1_19' title='bbox 2080 790 2358 837; x_wconf 88' lang='lat' dir='ltr'><strong>numero</strong></span> <span class='ocrx_word' id='word_1_20' title='bbox 2393 750 2692 836; x_wconf 83' lang='lat' dir='ltr'><strong>dierum³</strong></span> <span class='ocrx_word' id='word_1_21' title='bbox 2698 819 2717 855; x_wconf 87' lang='lat'>‚</span> <span class='ocrx_word' id='word_1_22' title='bbox 2742 766 2861 836; x_wconf 77' lang='lat' dir='ltr'><strong>sed</strong></span> 
     </span>
    </p>
   </div>
   <div class='ocr_carea' id='block_1_4' title="bbox 718 860 1409 961">
    <p class='ocr_par' dir='ltr' id='par_1_4' title="bbox 718 860 1409 961">
     <span class='ocr_line' id='line_1_5' title="bbox 718 860 1409 961; baseline -0.003 -17"><span class='ocrx_word' id='word_1_23' title='bbox 718 875 1057 961; x_wconf 87' lang='lat' dir='ltr'><strong>noctium,</strong></span> <span class='ocrx_word' id='word_1_24' title='bbox 1092 860 1409 943; x_wconf 76' lang='lat' dir='ltr'><strong>finiunt⁴z</strong></span> 
     </span>
    </p>
   </div>
   <div class='ocr_carea' id='block_1_5' title="bbox 1448 869 2855 962">
    <p class='ocr_par' dir='ltr' id='par_1_5' title="bbox 1448 869 2855 962">
     <span class='ocr_line' id='line_1_6' title="bbox 1448 869 2855 962; baseline 0.001 -21"><span class='ocrx_word' id='word_1_25' title='bbox 1448 872 1588 941; x_wconf 89' lang='lat' dir='ltr'><strong>dies</strong></span> <span class='ocrx_word' id='word_1_26' title='bbox 1629 869 1919 962; x_wconf 81' lang='lat' dir='ltr'><strong>natales,</strong></span> <span class='ocrx_word' id='word_1_27' title='bbox 1947 888 2016 942; x_wconf 84' lang='lat' dir='ltr'><strong>et</strong></span> <span class='ocrx_word' id='word_1_28' title='bbox 2055 874 2379 943; x_wconf 84' lang='lat' dir='ltr'><strong>mensium</strong></span> <span class='ocrx_word' id='word_1_29' title='bbox 2415 888 2482 943; x_wconf 87' lang='lat' dir='ltr'><strong>et</strong></span> <span class='ocrx_word' id='word_1_30' title='bbox 2525 898 2855 943; x_wconf 86' lang='lat' dir='ltr'><strong>annorum</strong></span> 
     </span>
    </p>
   </div>
   <div class='ocr_carea' id='block_1_6' title="bbox 709 978 2852 1502">
    <p class='ocr_par' dir='ltr' id='par_1_6' title="bbox 709 978 2852 1502">
     <span class='ocr_line' id='line_1_7' title="bbox 715 978 2852 1075; baseline -0 -25"><span class='ocrx_word' id='word_1_31' title='bbox 715 981 901 1050; x_wconf 87' lang='lat' dir='ltr'><strong>initia</strong></span> <span class='ocrx_word' id='word_1_32' title='bbox 934 983 1027 1050; x_wconf 89' lang='lat' dir='ltr'><strong>sic</strong></span> <span class='ocrx_word' id='word_1_33' title='bbox 1061 980 1459 1067; x_wconf 85' lang='lat' dir='ltr'><strong>observant,</strong></span> <span class='ocrx_word' id='word_1_34' title='bbox 1501 994 1579 1049; x_wconf 90' lang='lat' dir='ltr'><strong>ut</strong></span> <span class='ocrx_word' id='word_1_35' title='bbox 1612 993 1875 1049; x_wconf 86' lang='lat' dir='ltr'><strong>noctem</strong></span> <span class='ocrx_word' id='word_1_36' title='bbox 1910 979 2048 1050; x_wconf 86' lang='lat' dir='ltr'><strong>dies</strong></span> <span class='ocrx_word' id='word_1_37' title='bbox 2090 980 2544 1075; x_wconf 85' lang='lat' dir='ltr'><strong>subsequatur.</strong></span> <span class='ocrx_word' id='word_1_38' title='bbox 2578 983 2662 1049; x_wconf 90' lang='lat' dir='ltr'><strong>In</strong></span> <span class='ocrx_word' id='word_1_39' title='bbox 2706 978 2852 1049; x_wconf 85' lang='lat' dir='ltr'><strong>reli·</strong></span> 
     </span>
     <span class='ocr_line' id='line_1_8' title="bbox 716 1084 2850 1216; baseline 0 -61"><span class='ocrx_word' id='word_1_40' title='bbox 716 1090 861 1189; x_wconf 91' lang='lat' dir='ltr'><strong>quis</strong></span> <span class='ocrx_word' id='word_1_41' title='bbox 905 1089 1054 1156; x_wconf 80' lang='lat' dir='ltr'><strong>vitae</strong></span> <span class='ocrx_word' id='word_1_42' title='bbox 1110 1087 1419 1156; x_wconf 84' lang='lat' dir='ltr'><strong>institutis</strong></span> <span class='ocrx_word' id='word_1_43' title='bbox 1460 1085 1591 1157; x_wconf 88' lang='lat' dir='ltr'><strong>hoe</strong></span> <span class='ocrx_word' id='word_1_44' title='bbox 1634 1086 1770 1156; x_wconf 86' lang='lat' dir='ltr'><strong>fere</strong></span> <span class='ocrx_word' id='word_1_45' title='bbox 1827 1087 1913 1156; x_wconf 88' lang='lat' dir='ltr'><strong>ab</strong></span> <span class='ocrx_word' id='word_1_46' title='bbox 1960 1084 2221 1216; x_wconf 75' lang='lat' dir='ltr'><strong>reliquis</strong></span> <span class='ocrx_word' id='word_1_47' title='bbox 2267 1086 2624 1175; x_wconf 82' lang='lat' dir='ltr'><strong>differunt,</strong></span> <span class='ocrx_word' id='word_1_48' title='bbox 2671 1085 2850 1181; x_wconf 88' lang='lat' dir='ltr'><strong>quod</strong></span> 
     </span>
     <span class='ocr_line' id='line_1_9' title="bbox 713 1140 2843 1288; baseline -0 -24"><span class='ocrx_word' id='word_1_49' title='bbox 713 1218 871 1264; x_wconf 87' lang='lat' dir='ltr'><strong>suos</strong></span> <span class='ocrx_word' id='word_1_50' title='bbox 893 1192 1165 1281; x_wconf 77' lang='lat' dir='ltr'><strong>liberoS,</strong></span> <span class='ocrx_word' id='word_1_51' title='bbox 1187 1194 1311 1264; x_wconf 91' lang='lat' dir='ltr'><strong>nisi</strong></span> <span class='ocrx_word' id='word_1_52' title='bbox 1340 1218 1546 1288; x_wconf 89' lang='lat' dir='ltr'><strong>quum</strong></span> <span class='ocrx_word' id='word_1_53' title='bbox 1569 1178 2039 1281; x_wconf 81' lang='lat' dir='ltr'><strong>adoleverint⁵,</strong></span> <span class='ocrx_word' id='word_1_54' title='bbox 2068 1208 2143 1263; x_wconf 90' lang='lat' dir='ltr'><strong>ut</strong></span> <span class='ocrx_word' id='word_1_55' title='bbox 2164 1219 2405 1265; x_wconf 89' lang='lat' dir='ltr'><strong>munus</strong></span> <span class='ocrx_word' id='word_1_56' title='bbox 2430 1140 2675 1262; x_wconf 65' lang='lat' dir='ltr'><strong>militiae</strong></span> <span class='ocrx_word' id='word_1_57' title='bbox 2705 1219 2843 1263; x_wconf 88' lang='lat' dir='ltr'><strong>sus·</strong></span> 
     </span>
     <span class='ocr_line' id='line_1_10' title="bbox 713 1298 2841 1395; baseline 0 -26"><span class='ocrx_word' id='word_1_58' title='bbox 713 1302 924 1369; x_wconf 83' lang='lat' dir='ltr'><strong>tinere</strong></span> <span class='ocrx_word' id='word_1_59' title='bbox 952 1302 1247 1395; x_wconf 85' lang='lat' dir='ltr'><strong>possint,</strong></span> <span class='ocrx_word' id='word_1_60' title='bbox 1274 1298 1495 1395; x_wconf 82' lang='lat' dir='ltr'><strong>palam</strong></span> <span class='ocrx_word' id='word_1_61' title='bbox 1523 1299 1609 1369; x_wconf 81' lang='lat' dir='ltr'><strong>ad</strong></span> <span class='ocrx_word' id='word_1_62' title='bbox 1654 1325 1723 1370; x_wconf 89' lang='lat' dir='ltr'><strong>se</strong></span> <span class='ocrx_word' id='word_1_63' title='bbox 1768 1299 1949 1370; x_wconf 84' lang='lat' dir='ltr'><strong>adire</strong></span> <span class='ocrx_word' id='word_1_64' title='bbox 1992 1324 2126 1369; x_wconf 89' lang='lat' dir='ltr'><strong>non</strong></span> <span class='ocrx_word' id='word_1_65' title='bbox 2168 1298 2841 1395; x_wconf 83' lang='lat' dir='ltr'><strong>patiuntur3fi1iu1n·</strong></span> 
     </span>
     <span class='ocr_line' id='line_1_11' title="bbox 709 1392 2844 1502; baseline 0.001 -27"><span class='ocrx_word' id='word_1_66' title='bbox 709 1431 841 1501; x_wconf 83' lang='lat' dir='ltr'><strong>que</strong></span> <span class='ocrx_word' id='word_1_67' title='bbox 858 1392 1148 1502; x_wconf 78' lang='lat' dir='ltr'><strong>⁶puerili</strong></span> <span class='ocrx_word' id='word_1_68' title='bbox 1190 1421 1381 1476; x_wconf 80' lang='lat' dir='ltr'><strong>aetate</strong></span> <span class='ocrx_word' id='word_1_69' title='bbox 1421 1408 1490 1475; x_wconf 90' lang='lat' dir='ltr'><strong>in</strong></span> <span class='ocrx_word' id='word_1_70' title='bbox 1524 1406 1882 1502; x_wconf 81' lang='lat' dir='ltr'><strong>publicO,</strong></span> <span class='ocrx_word' id='word_1_71' title='bbox 1865 1433 1934 1475; x_wconf 86' lang='grc' dir='ltr'><strong>ιιι</strong></span> <span class='ocrx_word' id='word_1_72' title='bbox 1975 1422 2335 1502; x_wconf 85' lang='lat' dir='ltr'><strong>conspectu</strong></span> <span class='ocrx_word' id='word_1_73' title='bbox 2378 1406 2625 1502; x_wconf 86' lang='lat' dir='ltr'><strong>patris,</strong></span> <span class='ocrx_word' id='word_1_74' title='bbox 2651 1409 2844 1477; x_wconf 83' lang='lat' dir='ltr'><strong>assis·</strong></span> 
     </span>
    </p>
   </div>
   <div class='ocr_carea' id='block_1_7' title="bbox 707 1512 1402 1609">
    <p class='ocr_par' dir='ltr' id='par_1_7' title="bbox 707 1512 1402 1609">
     <span class='ocr_line' id='line_1_12' title="bbox 707 1512 1402 1609; baseline 0 -28"><span class='ocrx_word' id='word_1_75' title='bbox 707 1525 849 1581; x_wconf 83' lang='lat' dir='ltr'><strong>tere</strong></span> <span class='ocrx_word' id='word_1_76' title='bbox 865 1528 1102 1609; x_wconf 85' lang='lat' dir='ltr'><strong>,turpe</strong></span> <span class='ocrx_word' id='word_1_77' title='bbox 1131 1512 1402 1583; x_wconf 83' lang='lat' dir='ltr'><strong>ducunt.</strong></span> 
     </span>
    </p>
   </div>
   <div class='ocr_carea' id='block_1_8' title="bbox 705 1688 1728 1763">
    <p class='ocr_par' dir='ltr' id='par_1_8' title="bbox 705 1688 1728 1763">
     <span class='ocr_line' id='line_1_13' title="bbox 705 1688 1728 1763; baseline -0.004 -19"><span class='ocrx_word' id='word_1_78' title='bbox 705 1691 912 1763; x_wconf 77' lang='lat' dir='ltr'><strong>generis</strong></span> <span class='ocrx_word' id='word_1_79' title='bbox 942 1690 1022 1743; x_wconf 81' lang='lat' dir='ltr'><strong>sui</strong></span> <span class='ocrx_word' id='word_1_80' title='bbox 1063 1702 1331 1743; x_wconf 78' lang='lat' dir='ltr'><strong>auctorem</strong></span> <span class='ocrx_word' id='word_1_81' title='bbox 1368 1688 1548 1741; x_wconf 78' lang='lat' dir='ltr'><strong>fecisse</strong></span> <span class='ocrx_word' id='word_1_82' title='bbox 1564 1726 1581 1754; x_wconf 95' lang='lat'><strong>,</strong></span> <span class='ocrx_word' id='word_1_83' title='bbox 1603 1689 1728 1760; x_wconf 85' lang='lat' dir='ltr'><strong>quia</strong></span> 
     </span>
    </p>
   </div>
   <div class='ocr_carea' id='block_1_9' title="bbox 704 1768 1732 1838">
    <p class='ocr_par' dir='ltr' id='par_1_9' title="bbox 704 1768 1732 1838">
     <span class='ocr_line' id='line_1_14' title="bbox 704 1768 1732 1838; baseline -0.006 -14"><span class='ocrx_word' id='word_1_84' title='bbox 704 1769 924 1824; x_wconf 78' lang='lat' dir='ltr'><strong>Druidae</strong></span> <span class='ocrx_word' id='word_1_85' title='bbox 936 1783 1232 1822; x_wconf 78' lang='lat' dir='ltr'><strong>memorant</strong></span> <span class='ocrx_word' id='word_1_86' title='bbox 1240 1788 1397 1820; x_wconf 70' lang='lat' dir='ltr'><strong>moer-a</strong></span> <span class='ocrx_word' id='word_1_87' title='bbox 1399 1770 1554 1835; x_wconf 78' lang='lat' dir='ltr'><strong>fuisse</strong></span> <span class='ocrx_word' id='word_1_88' title='bbox 1558 1768 1732 1838; x_wconf 78' lang='lat' dir='ltr'><strong>populi</strong></span> 
     </span>
    </p>
   </div>
   <div class='ocr_carea' id='block_1_10' title="bbox 664 1845 1724 4311">
    <p class='ocr_par' dir='ltr' id='par_1_10' title="bbox 666 1845 1724 3992">
     <span class='ocr_line' id='line_1_15' title="bbox 695 1845 1722 1921; baseline 0 -21"><span class='ocrx_word' id='word_1_89' title='bbox 695 1863 887 1921; x_wconf 78' lang='lat' dir='ltr'><strong>partem</strong></span> <span class='ocrx_word' id='word_1_90' title='bbox 915 1850 1210 1920; x_wconf 72' lang='lat' dir='ltr'><strong>indigenam,</strong></span> <span class='ocrx_word' id='word_1_91' title='bbox 1246 1860 1304 1900; x_wconf 85' lang='lat' dir='ltr'><strong>ut</strong></span> <span class='ocrx_word' id='word_1_92' title='bbox 1348 1845 1509 1899; x_wconf 79' lang='lat' dir='ltr'>tradit</span> <span class='ocrx_word' id='word_1_93' title='bbox 1547 1850 1722 1900; x_wconf 82' lang='lat' dir='ltr'><strong>Amm.</strong></span> 
     </span>
     <span class='ocr_line' id='line_1_16' title="bbox 702 1924 1724 1997; baseline -0.001 -16"><span class='ocrx_word' id='word_1_94' title='bbox 702 1929 939 1981; x_wconf 81' lang='lat' dir='ltr'>Marcell.</span> <span class='ocrx_word' id='word_1_95' title='bbox 961 1928 998 1980; x_wconf 92' lang='lat' dir='ltr'><strong>l.</strong></span> <span class='ocrx_word' id='word_1_96' title='bbox 1027 1947 1125 1990; x_wconf 80' lang='lat' dir='ltr'><strong>xv,</strong></span> <span class='ocrx_word' id='word_1_97' title='bbox 1153 1946 1198 1979; x_wconf 89' lang='lat' dir='ltr'><strong>c.</strong></span> <span class='ocrx_word' id='word_1_98' title='bbox 1221 1924 1724 1997; x_wconf 68' lang='lat' dir='ltr'><strong>93adeoqueelocia</strong></span> 
     </span>
     <span class='ocr_line' id='line_1_17' title="bbox 698 2006 1723 2077; baseline -0.003 -16"><span class='ocrx_word' id='word_1_99' title='bbox 698 2007 1054 2061; x_wconf 71' lang='lat' dir='ltr'><strong>subterraneis</strong></span> <span class='ocrx_word' id='word_1_100' title='bbox 1077 2006 1415 2077; x_wconf 76' lang='lat' dir='ltr'><strong>prorepsisse.</strong></span> <span class='ocrx_word' id='word_1_101' title='bbox 1443 2008 1577 2058; x_wconf 56' lang='lat' dir='ltr'><strong>Dlv.</strong></span> <span class='ocrx_word' id='word_1_102' title='bbox 1602 2006 1723 2058; x_wconf 82' lang='lat' dir='ltr'><strong>Mo·</strong></span> 
     </span>
     <span class='ocr_line' id='line_1_18' title="bbox 698 2082 1723 2156; baseline -0.003 -15"><span class='ocrx_word' id='word_1_103' title='bbox 698 2106 791 2141; x_wconf 76' lang='lat' dir='ltr'><strong>rus</strong></span> <span class='ocrx_word' id='word_1_104' title='bbox 830 2087 1044 2140; x_wconf 79' lang='lat' dir='ltr'><strong>Davisio</strong></span> <span class='ocrx_word' id='word_1_105' title='bbox 1083 2104 1287 2139; x_wconf 83' lang='lat' dir='ltr'><strong>morem</strong></span> <span class='ocrx_word' id='word_1_106' title='bbox 1315 2102 1500 2156; x_wconf 77' lang='lat' dir='ltr'><strong>gerens</strong></span> <span class='ocrx_word' id='word_1_107' title='bbox 1521 2123 1538 2151; x_wconf 94' lang='lat'><strong>,</strong></span> <span class='ocrx_word' id='word_1_108' title='bbox 1591 2082 1723 2139; x_wconf 88' lang='lat' dir='ltr'><strong>dicit</strong></span> 
     </span>
     <span class='ocr_line' id='line_1_19' title="bbox 700 2163 1713 2233; baseline -0.002 -12"><span class='ocrx_word' id='word_1_109' title='bbox 700 2167 883 2221; x_wconf 78' lang='lat' dir='ltr'><strong>Gallos</strong></span> <span class='ocrx_word' id='word_1_110' title='bbox 909 2166 1104 2221; x_wconf 76' lang='lat' dir='ltr'><strong>Caesari</strong></span> <span class='ocrx_word' id='word_1_111' title='bbox 1129 2163 1267 2219; x_wconf 87' lang='lat' dir='ltr'>nihil</span> <span class='ocrx_word' id='word_1_112' title='bbox 1296 2163 1439 2218; x_wconf 83' lang='lat' dir='ltr'><strong>aliud</strong></span> <span class='ocrx_word' id='word_1_113' title='bbox 1462 2183 1713 2233; x_wconf 79' lang='lat' dir='ltr'><strong>narrasse,</strong></span> 
     </span>
     <span class='ocr_line' id='line_1_20' title="bbox 697 2242 1717 2321; baseline -0.002 -21"><span class='ocrx_word' id='word_1_114' title='bbox 697 2266 859 2321; x_wconf 84' lang='lat' dir='ltr'><strong>quam</strong></span> <span class='ocrx_word' id='word_1_115' title='bbox 884 2266 938 2300; x_wconf 78' lang='lat' dir='ltr'><strong>se</strong></span> <span class='ocrx_word' id='word_1_116' title='bbox 968 2267 1028 2298; x_wconf 72' lang='lat' dir='ltr'><strong>ex</strong></span> <span class='ocrx_word' id='word_1_117' title='bbox 1060 2257 1184 2297; x_wconf 79' lang='lat' dir='ltr'><strong>terra</strong></span> <span class='ocrx_word' id='word_1_118' title='bbox 1212 2264 1322 2299; x_wconf 78' lang='lat' dir='ltr'><strong>esse</strong></span> <span class='ocrx_word' id='word_1_119' title='bbox 1354 2258 1498 2299; x_wconf 75' lang='lat' dir='ltr'><strong>ortos</strong></span> <span class='ocrx_word' id='word_1_120' title='bbox 1521 2242 1542 2307; x_wconf 98' lang='lat'>(</span> <span class='ocrx_word' id='word_1_121' title='bbox 1561 2264 1717 2317; x_wconf 78' lang='lat' dir='ltr'><strong>supra</strong></span> 
     </span>
     <span class='ocr_line' id='line_1_21' title="bbox 694 2322 1713 2396; baseline -0.001 -16"><span class='ocrx_word' id='word_1_122' title='bbox 694 2326 733 2380; x_wconf 89' lang='lat' dir='ltr'><strong>l.</strong></span> <span class='ocrx_word' id='word_1_123' title='bbox 761 2348 826 2393; x_wconf 71' lang='lat' dir='ltr'><strong>V,</strong></span> <span class='ocrx_word' id='word_1_124' title='bbox 851 2346 897 2381; x_wconf 86' lang='lat' dir='ltr'><strong>c.</strong></span> <span class='ocrx_word' id='word_1_125' title='bbox 942 2322 1225 2389; x_wconf 80' lang='lat' dir='ltr'><strong>12)fretus</strong></span> <span class='ocrx_word' id='word_1_126' title='bbox 1253 2344 1314 2377; x_wconf 82' lang='lat' dir='ltr'><strong>ea</strong></span> <span class='ocrx_word' id='word_1_127' title='bbox 1344 2324 1713 2396; x_wconf 83' lang='lat' dir='ltr'><strong>opinione,sc.</strong></span> 
     </span>
     <span class='ocr_line' id='line_1_22' title="bbox 693 2404 1714 2479; baseline -0.004 -18"><span class='ocrx_word' id='word_1_128' title='bbox 693 2407 742 2461; x_wconf 66' lang='lat' dir='ltr'><strong>ai</strong></span> <span class='ocrx_word' id='word_1_129' title='bbox 768 2426 872 2479; x_wconf 79' lang='lat' dir='ltr'><strong>qua</strong></span> <span class='ocrx_word' id='word_1_130' title='bbox 902 2407 1047 2460; x_wconf 85' lang='lat' dir='ltr'><strong>natio</strong></span> <span class='ocrx_word' id='word_1_131' title='bbox 1073 2406 1155 2457; x_wconf 76' lang='lat' dir='ltr'><strong>vel</strong></span> <span class='ocrx_word' id='word_1_132' title='bbox 1182 2424 1212 2459; x_wconf 84' lang='lat' dir='ltr'>e</span> <span class='ocrx_word' id='word_1_133' title='bbox 1244 2417 1408 2468; x_wconf 81' lang='lat' dir='ltr'><strong>terra,</strong></span> <span class='ocrx_word' id='word_1_134' title='bbox 1428 2404 1512 2456; x_wconf 78' lang='lat' dir='ltr'><strong>vel</strong></span> <span class='ocrx_word' id='word_1_135' title='bbox 1541 2405 1608 2456; x_wconf 84' lang='lat' dir='ltr'><strong>ab</strong></span> <span class='ocrx_word' id='word_1_136' title='bbox 1633 2406 1714 2457; x_wconf 88' lang='lat' dir='ltr'><strong>in-</strong></span> 
     </span>
     <span class='ocr_line' id='line_1_23' title="bbox 691 2482 1712 2555; baseline -0.003 -15"><span class='ocrx_word' id='word_1_137' title='bbox 691 2487 866 2551; x_wconf 79' lang='lat' dir='ltr'><strong>ferno,</strong></span> <span class='ocrx_word' id='word_1_138' title='bbox 886 2498 974 2538; x_wconf 81' lang='lat' dir='ltr'><strong>aut</strong></span> <span class='ocrx_word' id='word_1_139' title='bbox 992 2486 1333 2538; x_wconf 81' lang='lat' dir='ltr'><strong>subterraneo</strong></span> <span class='ocrx_word' id='word_1_140' title='bbox 1349 2482 1450 2535; x_wconf 86' lang='lat' dir='ltr'><strong>deo</strong></span> <span class='ocrx_word' id='word_1_141' title='bbox 1458 2496 1712 2555; x_wconf 80' lang='lat' dir='ltr'><strong>prognata</strong></span> 
     </span>
     <span class='ocr_line' id='line_1_24' title="bbox 694 2561 1713 2635; baseline -0.003 -16"><span class='ocrx_word' id='word_1_142' title='bbox 694 2564 929 2630; x_wconf 86' lang='lat' dir='ltr'><strong>dicatur,</strong></span> <span class='ocrx_word' id='word_1_143' title='bbox 955 2561 1322 2635; x_wconf 84' lang='lat' dir='ltr'><strong>intelligendos</strong></span> <span class='ocrx_word' id='word_1_144' title='bbox 1352 2582 1461 2616; x_wconf 87' lang='lat' dir='ltr'><strong>esse</strong></span> <span class='ocrx_word' id='word_1_145' title='bbox 1483 2563 1713 2635; x_wconf 81' lang='lat' dir='ltr'><strong>aborigi-</strong></span> 
     </span>
     <span class='ocr_line' id='line_1_25' title="bbox 690 2635 1712 2715; baseline -0.001 -17"><span class='ocrx_word' id='word_1_146' title='bbox 690 2645 917 2699; x_wconf 81' lang='lat' dir='ltr'><strong>nes:hoc</strong></span> <span class='ocrx_word' id='word_1_147' title='bbox 931 2646 1069 2708; x_wconf 81' lang='lat' dir='ltr'><strong>loce,</strong></span> <span class='ocrx_word' id='word_1_148' title='bbox 1085 2663 1194 2697; x_wconf 92' lang='lat' dir='ltr'><strong>non</strong></span> <span class='ocrx_word' id='word_1_149' title='bbox 1212 2654 1448 2696; x_wconf 81' lang='lat' dir='ltr'><strong>constare</strong></span> <span class='ocrx_word' id='word_1_150' title='bbox 1461 2640 1529 2696; x_wconf 87' lang='lat' dir='ltr'><strong>de</strong></span> <span class='ocrx_word' id='word_1_151' title='bbox 1539 2635 1712 2715; x_wconf 53' lang='lat' dir='ltr'><strong>“hujus</strong></span> 
     </span>
     <span class='ocr_line' id='line_1_26' title="bbox 689 2722 1711 2795; baseline 0.002 -18"><span class='ocrx_word' id='word_1_152' title='bbox 689 2725 923 2778; x_wconf 73' lang='lat' dir='ltr'><strong>nationis</strong></span> <span class='ocrx_word' id='word_1_153' title='bbox 978 2722 1181 2795; x_wconf 79' lang='lat' dir='ltr'><strong>origine</strong></span> <span class='ocrx_word' id='word_1_154' title='bbox 1226 2742 1290 2776; x_wconf 84' lang='lat' dir='ltr'><strong>ex</strong></span> <span class='ocrx_word' id='word_1_155' title='bbox 1339 2723 1438 2776; x_wconf 87' lang='lat' dir='ltr'><strong>alia</strong></span> <span class='ocrx_word' id='word_1_156' title='bbox 1495 2724 1711 2780; x_wconf 82' lang='lat' dir='ltr'><strong>natione</strong></span> 
     </span>
     <span class='ocr_line' id='line_1_27' title="bbox 690 2798 1711 2869; baseline 0 -12"><span class='ocrx_word' id='word_1_157' title='bbox 690 2798 834 2867; x_wconf 80' lang='lat' dir='ltr'><strong>(vid.</strong></span> <span class='ocrx_word' id='word_1_158' title='bbox 871 2803 984 2861; x_wconf 86' lang='lat' dir='ltr'><strong>Cic.</strong></span> <span class='ocrx_word' id='word_1_159' title='bbox 1013 2803 1200 2856; x_wconf 87' lang='lat' dir='ltr'><strong>Natur.</strong></span> <span class='ocrx_word' id='word_1_160' title='bbox 1221 2804 1379 2858; x_wconf 84' lang='lat' dir='ltr'><strong>Deor.</strong></span> <span class='ocrx_word' id='word_1_161' title='bbox 1407 2821 1452 2855; x_wconf 87' lang='lat'><strong>11</strong></span> <span class='ocrx_word' id='word_1_162' title='bbox 1472 2841 1488 2867; x_wconf 92' lang='lat'><strong>,</strong></span> <span class='ocrx_word' id='word_1_163' title='bbox 1516 2807 1619 2869; x_wconf 76' lang='lat'><strong>26,</strong></span> <span class='ocrx_word' id='word_1_164' title='bbox 1651 2805 1711 2857; x_wconf 79' lang='lat' dir='ltr'><strong>de</strong></span> 
     </span>
     <span class='ocr_line' id='line_1_28' title="bbox 687 2881 1709 2955; baseline 0 -18"><span class='ocrx_word' id='word_1_165' title='bbox 687 2881 934 2948; x_wconf 77' lang='lat' dir='ltr'><strong>Plutone):</strong></span> <span class='ocrx_word' id='word_1_166' title='bbox 947 2881 1088 2936; x_wconf 90' lang='lat' dir='ltr'><strong>unde</strong></span> <span class='ocrx_word' id='word_1_167' title='bbox 1102 2882 1300 2955; x_wconf 77' lang='lat' dir='ltr'><strong>colligit</strong></span> <span class='ocrx_word' id='word_1_168' title='bbox 1315 2883 1505 2936; x_wconf 78' lang='lat' dir='ltr'><strong>frustra</strong></span> <span class='ocrx_word' id='word_1_169' title='bbox 1514 2902 1709 2938; x_wconf 89' lang='lat' dir='ltr'><strong>nomen</strong></span> 
     </span>
     <span class='ocr_line' id='line_1_29' title="bbox 684 2960 1706 3037; baseline 0.001 -20"><span class='ocrx_word' id='word_1_170' title='bbox 684 2964 932 3035; x_wconf 75' lang='lat' dir='ltr'><strong>gallicum</strong></span> <span class='ocrx_word' id='word_1_171' title='bbox 961 2963 1155 3037; x_wconf 62' lang='lat' dir='ltr'><strong>quaeri,</strong></span> <span class='ocrx_word' id='word_1_172' title='bbox 1182 2982 1290 3035; x_wconf 88' lang='lat' dir='ltr'><strong>quo</strong></span> <span class='ocrx_word' id='word_1_173' title='bbox 1334 2960 1467 3016; x_wconf 86' lang='lat' dir='ltr'><strong>illud</strong></span> <span class='ocrx_word' id='word_1_174' title='bbox 1507 2982 1706 3018; x_wconf 82' lang='lat' dir='ltr'><strong>numen</strong></span> 
     </span>
     <span class='ocr_line' id='line_1_30' title="bbox 682 3044 1708 3098; baseline 0 0"><span class='ocrx_word' id='word_1_175' title='bbox 682 3046 1088 3098; x_wconf 70' lang='lat' dir='ltr'><strong>subterraneum</strong></span> <span class='ocrx_word' id='word_1_176' title='bbox 1133 3044 1303 3096; x_wconf 82' lang='lat' dir='ltr'><strong>simile</strong></span> <span class='ocrx_word' id='word_1_177' title='bbox 1351 3044 1592 3097; x_wconf 85' lang='lat' dir='ltr'><strong>Plutonis</strong></span> <span class='ocrx_word' id='word_1_178' title='bbox 1638 3044 1708 3098; x_wconf 85' lang='lat' dir='ltr'><strong>sit</strong></span> 
     </span>
     <span class='ocr_line' id='line_1_31' title="bbox 682 3122 1701 3197; baseline 0 -20"><span class='ocrx_word' id='word_1_179' title='bbox 682 3123 1009 3197; x_wconf 75' lang='lat' dir='ltr'><strong>insignitum.</strong></span> <span class='ocrx_word' id='word_1_180' title='bbox 1052 3122 1210 3176; x_wconf 90' lang='lat' dir='ltr'><strong>Haud</strong></span> <span class='ocrx_word' id='word_1_181' title='bbox 1257 3122 1480 3176; x_wconf 84' lang='lat' dir='ltr'><strong>absurda</strong></span> <span class='ocrx_word' id='word_1_182' title='bbox 1528 3136 1701 3177; x_wconf 83' lang='lat' dir='ltr'><strong>tamen</strong></span> 
     </span>
     <span class='ocr_line' id='line_1_32' title="bbox 683 3203 1701 3273; baseline 0 -17"><span class='ocrx_word' id='word_1_183' title='bbox 683 3203 839 3258; x_wconf 82' lang='lat' dir='ltr'><strong>nobis</strong></span> <span class='ocrx_word' id='word_1_184' title='bbox 869 3205 979 3257; x_wconf 78' lang='lat' dir='ltr'><strong>visa</strong></span> <span class='ocrx_word' id='word_1_185' title='bbox 1005 3215 1083 3256; x_wconf 84' lang='lat' dir='ltr'><strong>est</strong></span> <span class='ocrx_word' id='word_1_186' title='bbox 1110 3203 1344 3257; x_wconf 83' lang='lat' dir='ltr'><strong>Cluverii</strong></span> <span class='ocrx_word' id='word_1_187' title='bbox 1375 3204 1701 3273; x_wconf 81' lang='lat' dir='ltr'><strong>conjectura,</strong></span> 
     </span>
     <span class='ocr_line' id='line_1_33' title="bbox 680 3280 1703 3354; baseline -0.003 -18"><span class='ocrx_word' id='word_1_188' title='bbox 680 3283 952 3337; x_wconf 78' lang='lat' dir='ltr'><strong>innuentis</strong></span> <span class='ocrx_word' id='word_1_189' title='bbox 990 3283 1038 3334; x_wconf 88' lang='lat' dir='ltr'><strong><em>T</em></strong></span> <span class='ocrx_word' id='word_1_190' title='bbox 1034 3283 1146 3333; x_wconf 80' lang='lat' dir='ltr'><strong>leeue</strong></span> <span class='ocrx_word' id='word_1_191' title='bbox 1186 3302 1295 3336; x_wconf 83' lang='lat' dir='ltr'><strong>esse</strong></span> <span class='ocrx_word' id='word_1_192' title='bbox 1332 3280 1577 3335; x_wconf 87' lang='lat' dir='ltr'><strong>eumdem</strong></span> <span class='ocrx_word' id='word_1_193' title='bbox 1608 3285 1703 3354; x_wconf 86' lang='lat' dir='ltr'><strong>qui</strong></span> 
     </span>
     <span class='ocr_line' id='line_1_34' title="bbox 677 3362 1697 3434; baseline -0.005 -17"><span class='ocrx_word' id='word_1_194' title='bbox 677 3363 862 3434; x_wconf 75' lang='lat' dir='ltr'><strong>graecis</strong></span> <span class='ocrx_word' id='word_1_195' title='bbox 922 3363 1045 3423; x_wconf 68' lang='grc' dir='ltr'><strong>Θεὸς</strong></span> <span class='ocrx_word' id='word_1_196' title='bbox 1073 3400 1090 3426; x_wconf 84' lang='grc'>,</span> <span class='ocrx_word' id='word_1_197' title='bbox 1133 3362 1341 3427; x_wconf 79' lang='lat' dir='ltr'><strong>latinis,</strong></span> <span class='ocrx_word' id='word_1_198' title='bbox 1385 3363 1553 3422; x_wconf 80' lang='lat' dir='ltr'><strong>Deus,</strong></span> <span class='ocrx_word' id='word_1_199' title='bbox 1607 3374 1697 3417; x_wconf 82' lang='lat' dir='ltr'><strong>etc.</strong></span> 
     </span>
     <span class='ocr_line' id='line_1_35' title="bbox 679 3438 1700 3514; baseline -0.001 -19"><span class='ocrx_word' id='word_1_200' title='bbox 679 3442 763 3494; x_wconf 91' lang='lat' dir='ltr'><strong>Eo</strong></span> <span class='ocrx_word' id='word_1_201' title='bbox 788 3443 951 3514; x_wconf 76' lang='lat' dir='ltr'><strong>magis</strong></span> <span class='ocrx_word' id='word_1_202' title='bbox 982 3438 1246 3506; x_wconf 89' lang='lat' dir='ltr'><strong>adducor,</strong></span> <span class='ocrx_word' id='word_1_203' title='bbox 1276 3452 1336 3492; x_wconf 89' lang='lat' dir='ltr'><strong>ut</strong></span> <span class='ocrx_word' id='word_1_204' title='bbox 1354 3438 1567 3514; x_wconf 79' lang='lat' dir='ltr'><strong>credam</strong></span> <span class='ocrx_word' id='word_1_205' title='bbox 1601 3443 1700 3494; x_wconf 81' lang='lat' dir='ltr'><strong>Di-</strong></span> 
     </span>
     <span class='ocr_line' id='line_1_36' title="bbox 680 3518 1695 3592; baseline 0.001 -20"><span class='ocrx_word' id='word_1_206' title='bbox 680 3531 771 3573; x_wconf 77' lang='lat' dir='ltr'><strong>tem</strong></span> <span class='ocrx_word' id='word_1_207' title='bbox 793 3541 902 3575; x_wconf 78' lang='lat' dir='ltr'><strong>esse</strong></span> <span class='ocrx_word' id='word_1_208' title='bbox 944 3521 1115 3592; x_wconf 78' lang='lat' dir='ltr'><strong>reipsa</strong></span> <span class='ocrx_word' id='word_1_209' title='bbox 1142 3518 1357 3591; x_wconf 80' lang='lat' dir='ltr'><strong>aliquod</strong></span> <span class='ocrx_word' id='word_1_210' title='bbox 1371 3539 1569 3573; x_wconf 89' lang='lat' dir='ltr'><strong>numen</strong></span> <span class='ocrx_word' id='word_1_211' title='bbox 1612 3521 1695 3573; x_wconf 85' lang='lat' dir='ltr'><strong>in·</strong></span> 
     </span>
     <span class='ocr_line' id='line_1_37' title="bbox 673 3597 1696 3671; baseline -0.001 -17"><span class='ocrx_word' id='word_1_212' title='bbox 673 3602 887 3654; x_wconf 82' lang='lat' dir='ltr'><strong>fernum</strong></span> <span class='ocrx_word' id='word_1_213' title='bbox 911 3638 929 3665; x_wconf 90' lang='lat'><strong>,</strong></span> <span class='ocrx_word' id='word_1_214' title='bbox 989 3598 1136 3671; x_wconf 84' lang='lat' dir='ltr'><strong>quod</strong></span> <span class='ocrx_word' id='word_1_215' title='bbox 1192 3599 1328 3652; x_wconf 85' lang='lat' dir='ltr'><strong>infra</strong></span> <span class='ocrx_word' id='word_1_216' title='bbox 1381 3597 1580 3652; x_wconf 88' lang='lat' dir='ltr'><strong>dicitur</strong></span> <span class='ocrx_word' id='word_1_217' title='bbox 1635 3602 1696 3654; x_wconf 86' lang='lat' dir='ltr'><strong>ob</strong></span> 
     </span>
     <span class='ocr_line' id='line_1_38' title="bbox 672 3680 1695 3741; baseline -0.001 -7"><span class='ocrx_word' id='word_1_218' title='bbox 672 3702 776 3734; x_wconf 81' lang='lat' dir='ltr'><strong>eam</strong></span> <span class='ocrx_word' id='word_1_219' title='bbox 817 3699 1034 3741; x_wconf 80' lang='lat' dir='ltr'><strong>causam,</strong></span> <span class='ocrx_word' id='word_1_220' title='bbox 1068 3692 1155 3733; x_wconf 81' lang='lat' dir='ltr'><strong>etc.</strong></span> <span class='ocrx_word' id='word_1_221' title='bbox 1185 3680 1254 3731; x_wconf 85' lang='lat' dir='ltr'><strong>Et</strong></span> <span class='ocrx_word' id='word_1_222' title='bbox 1301 3699 1361 3732; x_wconf 87' lang='lat' dir='ltr'><strong>ea</strong></span> <span class='ocrx_word' id='word_1_223' title='bbox 1407 3693 1547 3733; x_wconf 86' lang='lat' dir='ltr'><strong>certe</strong></span> <span class='ocrx_word' id='word_1_224' title='bbox 1578 3681 1695 3733; x_wconf 73' lang='lat' dir='ltr'><strong>aba·</strong></span> 
     </span>
     <span class='ocr_line' id='line_1_39' title="bbox 671 3760 1695 3833; baseline -0.001 -19"><span class='ocrx_word' id='word_1_225' title='bbox 671 3779 777 3833; x_wconf 83' lang='lat' dir='ltr'><strong>que</strong></span> <span class='ocrx_word' id='word_1_226' title='bbox 808 3778 963 3814; x_wconf 85' lang='lat' dir='ltr'><strong>sensu</strong></span> <span class='ocrx_word' id='word_1_227' title='bbox 987 3760 1379 3832; x_wconf 79' lang='lat' dir='ltr'><strong>proferrentur,</strong></span> <span class='ocrx_word' id='word_1_228' title='bbox 1408 3761 1451 3813; x_wconf 74' lang='lat' dir='ltr'><strong>si</strong></span> <span class='ocrx_word' id='word_1_229' title='bbox 1479 3761 1562 3813; x_wconf 82' lang='lat' dir='ltr'><strong>his</strong></span> <span class='ocrx_word' id='word_1_230' title='bbox 1583 3780 1695 3814; x_wconf 83' lang='lat' dir='ltr'><strong>ver-</strong></span> 
     </span>
     <span class='ocr_line' id='line_1_40' title="bbox 668 3839 1694 3913; baseline -0.001 -20"><span class='ocrx_word' id='word_1_231' title='bbox 668 3839 769 3907; x_wconf 66' lang='lat' dir='ltr'><strong>bia,</strong></span> <span class='ocrx_word' id='word_1_232' title='bbox 783 3841 846 3893; x_wconf 84' lang='lat' dir='ltr'><strong>ab</strong></span> <span class='ocrx_word' id='word_1_233' title='bbox 860 3843 1120 3912; x_wconf 78' lang='lat' dir='ltr'><strong>Ditepatre</strong></span> <span class='ocrx_word' id='word_1_234' title='bbox 1130 3853 1413 3912; x_wconf 78' lang='lat' dir='ltr'><strong>prognatos,</strong></span> <span class='ocrx_word' id='word_1_235' title='bbox 1425 3840 1694 3913; x_wconf 79' lang='lat' dir='ltr'><strong>metapho-</strong></span> 
     </span>
     <span class='ocr_line' id='line_1_41' title="bbox 666 3919 1668 3992; baseline 0 -18"><span class='ocrx_word' id='word_1_236' title='bbox 666 3921 776 3974; x_wconf 83' lang='lat' dir='ltr'><strong>rice</strong></span> <span class='ocrx_word' id='word_1_237' title='bbox 805 3919 1062 3992; x_wconf 76' lang='lat' dir='ltr'><strong>designati</strong></span> <span class='ocrx_word' id='word_1_238' title='bbox 1101 3921 1320 3974; x_wconf 76' lang='lat' dir='ltr'><strong>fuissent</strong></span> <span class='ocrx_word' id='word_1_239' title='bbox 1353 3920 1668 3991; x_wconf 77' lang='lat' dir='ltr'><strong>aborigines,</strong></span> 
     </span>
    </p>

    <p class='ocr_par' dir='ltr' id='par_1_11' title="bbox 664 3998 1689 4311">
     <span class='ocr_line' id='line_1_42' title="bbox 753 3998 1689 4056; baseline -0.002 -2"><span class='ocrx_word' id='word_1_240' title='bbox 753 4022 802 4056; x_wconf 82' lang='lat'><strong>2.</strong></span> <span class='ocrx_word' id='word_1_241' title='bbox 840 4002 921 4056; x_wconf 80' lang='lat' dir='ltr'><strong>Oh</strong></span> <span class='ocrx_word' id='word_1_242' title='bbox 955 4022 1057 4054; x_wconf 84' lang='lat' dir='ltr'><strong>eam</strong></span> <span class='ocrx_word' id='word_1_243' title='bbox 1089 4020 1295 4054; x_wconf 80' lang='lat' dir='ltr'><strong>causam.</strong></span> <span class='ocrx_word' id='word_1_244' title='bbox 1335 3998 1478 4053; x_wconf 86' lang='lat' dir='ltr'><strong>Vide</strong></span> <span class='ocrx_word' id='word_1_245' title='bbox 1509 4012 1689 4053; x_wconf 86' lang='lat' dir='ltr'><strong>notam</strong></span> 
     </span>
     <span class='ocr_line' id='line_1_43' title="bbox 665 4079 1686 4151; baseline 0 -18"><span class='ocrx_word' id='word_1_246' title='bbox 665 4079 1048 4151; x_wconf 65' lang='lat' dir='ltr'><strong>praecedentem</strong></span> <span class='ocrx_word' id='word_1_247' title='bbox 1088 4084 1187 4134; x_wconf 84' lang='lat' dir='ltr'><strong>sub</strong></span> <span class='ocrx_word' id='word_1_248' title='bbox 1243 4081 1423 4134; x_wconf 86' lang='lat' dir='ltr'><strong>finem.</strong></span> <span class='ocrx_word' id='word_1_249' title='bbox 1470 4081 1686 4134; x_wconf 75' lang='lat' dir='ltr'><strong>Frustra</strong></span> 
     </span>
     <span class='ocr_line' id='line_1_44' title="bbox 664 4161 1685 4232; baseline 0.001 -22"><span class='ocrx_word' id='word_1_250' title='bbox 664 4161 1022 4232; x_wconf 85' lang='lat' dir='ltr'><strong>conjecturam</strong></span> <span class='ocrx_word' id='word_1_251' title='bbox 1046 4180 1193 4214; x_wconf 79' lang='lat' dir='ltr'><strong>suam</strong></span> <span class='ocrx_word' id='word_1_252' title='bbox 1214 4161 1272 4213; x_wconf 77' lang='lat' dir='ltr'><strong>de</strong></span> <span class='ocrx_word' id='word_1_253' title='bbox 1297 4162 1416 4212; x_wconf 70' lang='lat' dir='ltr'><strong>Dite</strong></span> <span class='ocrx_word' id='word_1_254' title='bbox 1427 4173 1569 4232; x_wconf 79' lang='lat' dir='ltr'><strong>patre</strong></span> <span class='ocrx_word' id='word_1_255' title='bbox 1585 4179 1685 4231; x_wconf 85' lang='lat' dir='ltr'><strong>pro</strong></span> 
     </span>
     <span class='ocr_line' id='line_1_45' title="bbox 666 4240 1682 4311; baseline 0.003 -20"><span class='ocrx_word' id='word_1_256' title='bbox 666 4245 802 4292; x_wconf 65' lang='lat' dir='ltr'><strong>terra</strong></span> <span class='ocrx_word' id='word_1_257' title='bbox 845 4241 989 4311; x_wconf 77' lang='lat' dir='ltr'><strong>ipsa,</strong></span> <span class='ocrx_word' id='word_1_258' title='bbox 1039 4241 1176 4294; x_wconf 83' lang='lat' dir='ltr'><strong>tueri</strong></span> <span class='ocrx_word' id='word_1_259' title='bbox 1208 4253 1427 4294; x_wconf 85' lang='lat' dir='ltr'><strong>conatur</strong></span> <span class='ocrx_word' id='word_1_260' title='bbox 1461 4240 1682 4306; x_wconf 78' lang='lat' dir='ltr'><strong>Morus,</strong></span> 
     </span>
    </p>
   </div>
   <div class='ocr_carea' id='block_1_11' title="bbox 1773 1685 2838 4232">
    <p class='ocr_par' dir='ltr' id='par_1_12' title="bbox 1800 1685 2838 2477">
     <span class='ocr_line' id='line_1_46' title="bbox 1814 1685 2838 1760; baseline -0.001 -20"><span class='ocrx_word' id='word_1_261' title='bbox 1814 1688 2031 1760; x_wconf 80' lang='lat' dir='ltr'><strong>argutiis</strong></span> <span class='ocrx_word' id='word_1_262' title='bbox 2070 1686 2297 1759; x_wconf 75' lang='lat' dir='ltr'><strong>argutias</strong></span> <span class='ocrx_word' id='word_1_263' title='bbox 2336 1685 2587 1740; x_wconf 74' lang='lat' dir='ltr'><strong>inserens.</strong></span> <span class='ocrx_word' id='word_1_264' title='bbox 2626 1686 2838 1739; x_wconf 82' lang='lat' dir='ltr'><strong>Nihilo-</strong></span> 
     </span>
     <span class='ocr_line' id='line_1_47' title="bbox 1812 1767 2835 1833; baseline -0.002 -13"><span class='ocrx_word' id='word_1_265' title='bbox 1812 1768 1988 1820; x_wconf 81' lang='lat' dir='ltr'><strong>minus</strong></span> <span class='ocrx_word' id='word_1_266' title='bbox 2018 1779 2223 1820; x_wconf 80' lang='lat' dir='ltr'><strong>constat</strong></span> <span class='ocrx_word' id='word_1_267' title='bbox 2261 1767 2373 1819; x_wconf 72' lang='lat' dir='ltr'><strong>haec</strong></span> <span class='ocrx_word' id='word_1_268' title='bbox 2404 1768 2566 1820; x_wconf 79' lang='lat' dir='ltr'><strong>verba</strong></span> <span class='ocrx_word' id='word_1_269' title='bbox 2584 1805 2602 1833; x_wconf 97' lang='lat'><strong>,</strong></span> <span class='ocrx_word' id='word_1_270' title='bbox 2631 1767 2690 1819; x_wconf 81' lang='lat' dir='ltr'><strong>ob</strong></span> <span class='ocrx_word' id='word_1_271' title='bbox 2730 1787 2835 1818; x_wconf 70' lang='lat' dir='ltr'><strong>ma</strong></span> 
     </span>
     <span class='ocr_line' id='line_1_48' title="bbox 1811 1845 2833 1912; baseline 0.001 -14"><span class='ocrx_word' id='word_1_272' title='bbox 1811 1867 2033 1912; x_wconf 82' lang='lat' dir='ltr'><strong>causam,</strong></span> <span class='ocrx_word' id='word_1_273' title='bbox 2065 1866 2175 1900; x_wconf 77' lang='lat' dir='ltr'><strong>esse</strong></span> <span class='ocrx_word' id='word_1_274' title='bbox 2201 1845 2257 1898; x_wconf 89' lang='lat' dir='ltr'><strong>in</strong></span> <span class='ocrx_word' id='word_1_275' title='bbox 2285 1858 2462 1899; x_wconf 81' lang='lat' dir='ltr'><strong>mente</strong></span> <span class='ocrx_word' id='word_1_276' title='bbox 2484 1847 2705 1901; x_wconf 65' lang='lat' dir='ltr'><strong>Caesaris</strong></span> <span class='ocrx_word' id='word_1_277' title='bbox 2728 1847 2833 1899; x_wconf 86' lang='lat' dir='ltr'><strong>loci</strong></span> 
     </span>
     <span class='ocr_line' id='line_1_49' title="bbox 1808 1925 2831 1999; baseline 0.002 -22"><span class='ocrx_word' id='word_1_278' title='bbox 1808 1925 2153 1998; x_wconf 77' lang='lat' dir='ltr'><strong>praecedentis</strong></span> <span class='ocrx_word' id='word_1_279' title='bbox 2199 1927 2639 1999; x_wconf 88' lang='lat' dir='ltr'><strong>explicationem;</strong></span> <span class='ocrx_word' id='word_1_280' title='bbox 2665 1939 2720 1980; x_wconf 89' lang='lat' dir='ltr'><strong>et</strong></span> <span class='ocrx_word' id='word_1_281' title='bbox 2748 1927 2831 1979; x_wconf 83' lang='lat' dir='ltr'><strong>cui</strong></span> 
     </span>
     <span class='ocr_line' id='line_1_50' title="bbox 1806 2004 2831 2078; baseline 0 -20"><span class='ocrx_word' id='word_1_282' title='bbox 1806 2004 1939 2058; x_wconf 79' lang='lat' dir='ltr'><strong>fides</strong></span> <span class='ocrx_word' id='word_1_283' title='bbox 1968 2007 2147 2078; x_wconf 88' lang='lat' dir='ltr'><strong>potior</strong></span> <span class='ocrx_word' id='word_1_284' title='bbox 2168 2004 2411 2059; x_wconf 82' lang='lat' dir='ltr'><strong>habenda</strong></span> <span class='ocrx_word' id='word_1_285' title='bbox 2441 2007 2571 2070; x_wconf 84' lang='lat' dir='ltr'><strong>erit,</strong></span> <span class='ocrx_word' id='word_1_286' title='bbox 2602 2006 2795 2060; x_wconf 53' lang='lat' dir='ltr'><strong>Catari</strong></span> <span class='ocrx_word' id='word_1_287' title='bbox 2813 2044 2831 2073; x_wconf 91' lang='lat'><strong>,</strong></span> 
     </span>
     <span class='ocr_line' id='line_1_51' title="bbox 1807 2085 2829 2158; baseline 0.002 -20"><span class='ocrx_word' id='word_1_288' title='bbox 1807 2104 1873 2138; x_wconf 87' lang='lat' dir='ltr'><strong>an</strong></span> <span class='ocrx_word' id='word_1_289' title='bbox 1900 2085 2057 2138; x_wconf 84' lang='lat' dir='ltr'><strong>Moro</strong></span> <span class='ocrx_word' id='word_1_290' title='bbox 2074 2123 2090 2150; x_wconf 91' lang='lat'><strong>,</strong></span> <span class='ocrx_word' id='word_1_291' title='bbox 2113 2085 2205 2158; x_wconf 91' lang='lat' dir='ltr'><strong>qui</strong></span> <span class='ocrx_word' id='word_1_292' title='bbox 2221 2125 2238 2152; x_wconf 93' lang='lat'><strong>,</strong></span> <span class='ocrx_word' id='word_1_293' title='bbox 2272 2098 2331 2138; x_wconf 88' lang='lat' dir='ltr'><strong>ut</strong></span> <span class='ocrx_word' id='word_1_294' title='bbox 2349 2086 2687 2158; x_wconf 75' lang='lat' dir='ltr'><strong>propositum</strong></span> <span class='ocrx_word' id='word_1_295' title='bbox 2714 2087 2829 2140; x_wconf 84' lang='lat' dir='ltr'><strong>the-</strong></span> 
     </span>
     <span class='ocr_line' id='line_1_52' title="bbox 1804 2165 2832 2237; baseline 0.001 -20"><span class='ocrx_word' id='word_1_296' title='bbox 1804 2184 1892 2218; x_wconf 84' lang='lat' dir='ltr'><strong>ma</strong></span> <span class='ocrx_word' id='word_1_297' title='bbox 1919 2165 2093 2237; x_wconf 88' lang='lat' dir='ltr'><strong>aliqua</strong></span> <span class='ocrx_word' id='word_1_298' title='bbox 2109 2166 2357 2218; x_wconf 81' lang='lat' dir='ltr'><strong>fulciatur</strong></span> <span class='ocrx_word' id='word_1_299' title='bbox 2379 2165 2649 2236; x_wconf 83' lang='lat' dir='ltr'><strong>probabili</strong></span> <span class='ocrx_word' id='word_1_300' title='bbox 2672 2167 2832 2220; x_wconf 81' lang='lat' dir='ltr'><strong>ratio·</strong></span> 
     </span>
     <span class='ocr_line' id='line_1_53' title="bbox 1800 2246 2831 2315; baseline 0.001 -18"><span class='ocrx_word' id='word_1_301' title='bbox 1800 2264 1900 2311; x_wconf 83' lang='lat' dir='ltr'><strong>ne,</strong></span> <span class='ocrx_word' id='word_1_302' title='bbox 1932 2246 2228 2315; x_wconf 80' lang='lat' dir='ltr'><strong>aborigines</strong></span> <span class='ocrx_word' id='word_1_303' title='bbox 2264 2256 2430 2298; x_wconf 87' lang='lat' dir='ltr'><strong>noctu</strong></span> <span class='ocrx_word' id='word_1_304' title='bbox 2471 2257 2619 2298; x_wconf 78' lang='lat' dir='ltr'><strong>ortos</strong></span> <span class='ocrx_word' id='word_1_305' title='bbox 2661 2264 2769 2299; x_wconf 67' lang='lat' dir='ltr'><strong>esne</strong></span> <span class='ocrx_word' id='word_1_306' title='bbox 2798 2264 2831 2298; x_wconf 85' lang='lat' dir='ltr'><strong>e</strong></span> 
     </span>
     <span class='ocr_line' id='line_1_54' title="bbox 1803 2324 2829 2397; baseline 0.003 -21"><span class='ocrx_word' id='word_1_307' title='bbox 1803 2337 1960 2389; x_wconf 84' lang='lat' dir='ltr'><strong>terra,</strong></span> <span class='ocrx_word' id='word_1_308' title='bbox 1975 2337 2027 2377; x_wconf 90' lang='lat' dir='ltr'><strong>et</strong></span> <span class='ocrx_word' id='word_1_309' title='bbox 2040 2325 2140 2377; x_wconf 83' lang='lat' dir='ltr'><strong>alia</strong></span> <span class='ocrx_word' id='word_1_310' title='bbox 2164 2325 2366 2377; x_wconf 82' lang='lat' dir='ltr'><strong>somnia</strong></span> <span class='ocrx_word' id='word_1_311' title='bbox 2390 2324 2572 2378; x_wconf 64' lang='lat' dir='ltr'><strong>farine</strong></span> <span class='ocrx_word' id='word_1_312' title='bbox 2594 2324 2829 2397; x_wconf 77' lang='lat' dir='ltr'><strong>ejusdem</strong></span> 
     </span>
     <span class='ocr_line' id='line_1_55' title="bbox 1800 2402 2450 2477; baseline 0 -21"><span class='ocrx_word' id='word_1_313' title='bbox 1800 2402 1953 2476; x_wconf 82' lang='lat' dir='ltr'><strong>fingit</strong></span> <span class='ocrx_word' id='word_1_314' title='bbox 1984 2405 2213 2477; x_wconf 68' lang='lat' dir='ltr'><strong>granfito</strong></span> <span class='ocrx_word' id='word_1_315' title='bbox 2245 2404 2450 2457; x_wconf 86' lang='lat' dir='ltr'><strong>nimis?</strong></span> 
     </span>
    </p>

    <p class='ocr_par' dir='ltr' id='par_1_13' title="bbox 1786 2480 2829 3354">
     <span class='ocr_line' id='line_1_56' title="bbox 1884 2480 2823 2538; baseline 0.001 -1"><span class='ocrx_word' id='word_1_316' title='bbox 1884 2484 1935 2537; x_wconf 87' lang='grc'><strong>3.</strong></span> <span class='ocrx_word' id='word_1_317' title='bbox 1965 2485 2080 2537; x_wconf 79' lang='lat' dir='ltr'><strong>Non</strong></span> <span class='ocrx_word' id='word_1_318' title='bbox 2104 2502 2295 2535; x_wconf 68' lang='lat' dir='ltr'><strong>numam</strong></span> <span class='ocrx_word' id='word_1_319' title='bbox 2325 2484 2521 2536; x_wconf 76' lang='lat' dir='ltr'><strong>dierum,</strong></span> <span class='ocrx_word' id='word_1_320' title='bbox 2548 2480 2613 2535; x_wconf 89' lang='lat' dir='ltr'><strong>Id</strong></span> <span class='ocrx_word' id='word_1_321' title='bbox 2643 2497 2823 2538; x_wconf 78' lang='lat' dir='ltr'><strong>autem</strong></span> 
     </span>
     <span class='ocr_line' id='line_1_57' title="bbox 1797 2560 2825 2635; baseline 0.003 -19"><span class='ocrx_word' id='word_1_322' title='bbox 1797 2582 1908 2617; x_wconf 89' lang='lat' dir='ltr'><strong>non</strong></span> <span class='ocrx_word' id='word_1_323' title='bbox 1930 2562 2198 2617; x_wconf 85' lang='lat' dir='ltr'><strong>Druidum</strong></span> <span class='ocrx_word' id='word_1_324' title='bbox 2225 2561 2459 2635; x_wconf 83' lang='lat' dir='ltr'><strong>judicio,</strong></span> <span class='ocrx_word' id='word_1_325' title='bbox 2484 2560 2571 2617; x_wconf 71' lang='lat' dir='ltr'><strong>sed</strong></span> <span class='ocrx_word' id='word_1_326' title='bbox 2589 2582 2688 2618; x_wconf 82' lang='lat' dir='ltr'><strong>sno</strong></span> <span class='ocrx_word' id='word_1_327' title='bbox 2704 2565 2825 2619; x_wconf 67' lang='lat' dir='ltr'><strong>Co·</strong></span> 
     </span>
     <span class='ocr_line' id='line_1_58' title="bbox 1796 2640 2829 2711; baseline 0.005 -17"><span class='ocrx_word' id='word_1_328' title='bbox 1796 2662 1881 2695; x_wconf 75' lang='lat' dir='ltr'><strong>sar</strong></span> <span class='ocrx_word' id='word_1_329' title='bbox 1892 2640 2039 2698; x_wconf 87' lang='lat' dir='ltr'><strong>dicit.</strong></span> <span class='ocrx_word' id='word_1_330' title='bbox 2056 2643 2223 2710; x_wconf 89' lang='lat' dir='ltr'><strong>Galli,</strong></span> <span class='ocrx_word' id='word_1_331' title='bbox 2237 2644 2391 2697; x_wconf 87' lang='lat' dir='ltr'><strong>sicuti</strong></span> <span class='ocrx_word' id='word_1_332' title='bbox 2406 2644 2652 2711; x_wconf 64' lang='lat' dir='ltr'><strong>Hebraei,</strong></span> <span class='ocrx_word' id='word_1_333' title='bbox 2666 2645 2829 2699; x_wconf 78' lang='lat' dir='ltr'><strong>Athe-</strong></span> 
     </span>
     <span class='ocr_line' id='line_1_59' title="bbox 1796 2723 2823 2795; baseline 0.004 -20"><span class='ocrx_word' id='word_1_334' title='bbox 1796 2723 2003 2777; x_wconf 79' lang='lat' dir='ltr'><strong>nienses</strong></span> <span class='ocrx_word' id='word_1_335' title='bbox 2046 2736 2099 2777; x_wconf 91' lang='lat' dir='ltr'><strong>et</strong></span> <span class='ocrx_word' id='word_1_336' title='bbox 2147 2724 2235 2776; x_wconf 85' lang='lat' dir='ltr'><strong>alii</strong></span> <span class='ocrx_word' id='word_1_337' title='bbox 2280 2724 2563 2795; x_wconf 83' lang='lat' dir='ltr'><strong>permulti,</strong></span> <span class='ocrx_word' id='word_1_338' title='bbox 2605 2724 2749 2779; x_wconf 85' lang='lat' dir='ltr'><strong>diem</strong></span> <span class='ocrx_word' id='word_1_339' title='bbox 2792 2745 2823 2779; x_wconf 74' lang='lat' dir='ltr'><strong>a</strong></span> 
     </span>
     <span class='ocr_line' id='line_1_60' title="bbox 1795 2803 2820 2875; baseline 0.005 -21"><span class='ocrx_word' id='word_1_340' title='bbox 1795 2815 1951 2856; x_wconf 89' lang='lat' dir='ltr'><strong>nocte</strong></span> <span class='ocrx_word' id='word_1_341' title='bbox 2000 2803 2357 2875; x_wconf 83' lang='lat' dir='ltr'><strong>incipiebant,</strong></span> <span class='ocrx_word' id='word_1_342' title='bbox 2384 2823 2499 2857; x_wconf 88' lang='lat' dir='ltr'><strong>non</strong></span> <span class='ocrx_word' id='word_1_343' title='bbox 2548 2805 2704 2858; x_wconf 80' lang='lat' dir='ltr'><strong>aliam</strong></span> <span class='ocrx_word' id='word_1_344' title='bbox 2747 2807 2820 2859; x_wconf 83' lang='lat' dir='ltr'><strong>ob</strong></span> 
     </span>
     <span class='ocr_line' id='line_1_61' title="bbox 1794 2882 2820 2955; baseline 0.002 -19"><span class='ocrx_word' id='word_1_345' title='bbox 1794 2900 2002 2937; x_wconf 79' lang='lat' dir='ltr'><strong>causam</strong></span> <span class='ocrx_word' id='word_1_346' title='bbox 2018 2923 2034 2949; x_wconf 92' lang='lat'><strong>,</strong></span> <span class='ocrx_word' id='word_1_347' title='bbox 2056 2902 2215 2955; x_wconf 81' lang='lat' dir='ltr'><strong>quam</strong></span> <span class='ocrx_word' id='word_1_348' title='bbox 2236 2882 2382 2954; x_wconf 85' lang='lat' dir='ltr'><strong>quod</strong></span> <span class='ocrx_word' id='word_1_349' title='bbox 2410 2885 2722 2938; x_wconf 79' lang='lat' dir='ltr'><strong>naturaliter</strong></span> <span class='ocrx_word' id='word_1_350' title='bbox 2742 2898 2820 2938; x_wconf 87' lang='lat' dir='ltr'><strong>te-</strong></span> 
     </span>
     <span class='ocr_line' id='line_1_62' title="bbox 1792 2964 2821 3036; baseline 0.004 -21"><span class='ocrx_word' id='word_1_351' title='bbox 1792 2964 1971 3016; x_wconf 74' lang='lat' dir='ltr'><strong>nebrae</strong></span> <span class='ocrx_word' id='word_1_352' title='bbox 1994 2977 2372 3036; x_wconf 77' lang='lat' dir='ltr'><strong>praecesserunt</strong></span> <span class='ocrx_word' id='word_1_353' title='bbox 2396 2964 2588 3018; x_wconf 86' lang='lat' dir='ltr'><strong>lucem.</strong></span> <span class='ocrx_word' id='word_1_354' title='bbox 2618 2964 2707 3018; x_wconf 88' lang='lat' dir='ltr'><strong>Sic</strong></span> <span class='ocrx_word' id='word_1_355' title='bbox 2720 2965 2821 3019; x_wconf 83' lang='lat' dir='ltr'><strong>He-</strong></span> 
     </span>
     <span class='ocr_line' id='line_1_63' title="bbox 1790 3042 2819 3098; baseline 0.004 -4"><span class='ocrx_word' id='word_1_356' title='bbox 1790 3042 1972 3096; x_wconf 78' lang='lat' dir='ltr'><strong>siodus</strong></span> <span class='ocrx_word' id='word_1_357' title='bbox 2018 3062 2084 3096; x_wconf 77' lang='lat' dir='ltr'><strong>ex</strong></span> <span class='ocrx_word' id='word_1_358' title='bbox 2116 3043 2286 3096; x_wconf 86' lang='lat' dir='ltr'><strong>Nocte</strong></span> <span class='ocrx_word' id='word_1_359' title='bbox 2315 3043 2472 3096; x_wconf 86' lang='lat' dir='ltr'><strong>Diem</strong></span> <span class='ocrx_word' id='word_1_360' title='bbox 2515 3056 2571 3096; x_wconf 89' lang='lat' dir='ltr'><strong>et</strong></span> <span class='ocrx_word' id='word_1_361' title='bbox 2599 3045 2819 3098; x_wconf 73' lang='lat' dir='ltr'><strong>AEthera</strong></span> 
     </span>
     <span class='ocr_line' id='line_1_64' title="bbox 1788 3123 2811 3196; baseline 0.003 -22"><span class='ocrx_word' id='word_1_362' title='bbox 1788 3135 2091 3193; x_wconf 83' lang='lat' dir='ltr'><strong>procreatos</strong></span> <span class='ocrx_word' id='word_1_363' title='bbox 2135 3123 2330 3188; x_wconf 68' lang='lat' dir='ltr'><strong>refert,</strong></span> <span class='ocrx_word' id='word_1_364' title='bbox 2363 3136 2418 3176; x_wconf 85' lang='lat' dir='ltr'><strong>et</strong></span> <span class='ocrx_word' id='word_1_365' title='bbox 2444 3123 2586 3175; x_wconf 85' lang='lat' dir='ltr'><strong>libro</strong></span> <span class='ocrx_word' id='word_1_366' title='bbox 2634 3125 2811 3196; x_wconf 85' lang='lat' dir='ltr'><strong>primo</strong></span> 
     </span>
     <span class='ocr_line' id='line_1_65' title="bbox 1789 3200 2819 3256; baseline 0.001 -1"><span class='ocrx_word' id='word_1_367' title='bbox 1789 3200 2053 3256; x_wconf 80' lang='lat' dir='ltr'><strong>Geneseos</strong></span> <span class='ocrx_word' id='word_1_368' title='bbox 2083 3202 2282 3255; x_wconf 83' lang='lat' dir='ltr'><strong>dicitur</strong></span> <span class='ocrx_word' id='word_1_369' title='bbox 2315 3221 2329 3254; x_wconf 90' lang='lat'>:</span> <span class='ocrx_word' id='word_1_370' title='bbox 2362 3215 2411 3254; x_wconf 82' lang='lat' dir='ltr'><strong>et</strong></span> <span class='ocrx_word' id='word_1_371' title='bbox 2440 3203 2644 3255; x_wconf 75' lang='lat' dir='ltr'><strong>tenebroe</strong></span> <span class='ocrx_word' id='word_1_372' title='bbox 2675 3219 2819 3256; x_wconf 74' lang='lat' dir='ltr'><strong>erant</strong></span> 
     </span>
     <span class='ocr_line' id='line_1_66' title="bbox 1786 3281 2347 3354; baseline 0.002 -22"><span class='ocrx_word' id='word_1_373' title='bbox 1786 3301 1926 3353; x_wconf 76' lang='lat' dir='ltr'><strong>super</strong></span> <span class='ocrx_word' id='word_1_374' title='bbox 1938 3285 2118 3350; x_wconf 78' lang='lat' dir='ltr'><strong>faciem</strong></span> <span class='ocrx_word' id='word_1_375' title='bbox 2150 3281 2347 3354; x_wconf 76' lang='lat' dir='ltr'><strong>Abyssi.</strong></span> 
     </span>
    </p>

    <p class='ocr_par' dir='ltr' id='par_1_14' title="bbox 1774 3356 2809 4055">
     <span class='ocr_line' id='line_1_67' title="bbox 1869 3356 2809 3425; baseline 0 -10"><span class='ocrx_word' id='word_1_376' title='bbox 1869 3369 1923 3425; x_wconf 76' lang='grc'><strong>4.</strong></span> <span class='ocrx_word' id='word_1_377' title='bbox 1934 3363 1987 3415; x_wconf 87' lang='lat' dir='ltr'><em>F</em></span> <span class='ocrx_word' id='word_1_378' title='bbox 1984 3366 2152 3415; x_wconf 72' lang='lat' dir='ltr'><strong>iraeiune.</strong></span> <span class='ocrx_word' id='word_1_379' title='bbox 2164 3362 2447 3415; x_wconf 85' lang='lat' dir='ltr'><strong>Definiunt.</strong></span> <span class='ocrx_word' id='word_1_380' title='bbox 2461 3356 2609 3411; x_wconf 86' lang='lat' dir='ltr'><strong>Idem</strong></span> <span class='ocrx_word' id='word_1_381' title='bbox 2624 3373 2809 3415; x_wconf 85' lang='lat' dir='ltr'><strong>autem</strong></span> 
     </span>
     <span class='ocr_line' id='line_1_68' title="bbox 1784 3438 2809 3514; baseline 0.002 -22"><span class='ocrx_word' id='word_1_382' title='bbox 1784 3459 1899 3494; x_wconf 84' lang='lat' dir='ltr'><strong>mos</strong></span> <span class='ocrx_word' id='word_1_383' title='bbox 1939 3441 2042 3496; x_wconf 83' lang='lat' dir='ltr'><strong>fuit</strong></span> <span class='ocrx_word' id='word_1_384' title='bbox 2072 3442 2360 3514; x_wconf 76' lang='lat' dir='ltr'><strong>priscorum</strong></span> <span class='ocrx_word' id='word_1_385' title='bbox 2381 3438 2809 3508; x_wconf 80' lang='lat' dir='ltr'><strong>Germanorum,</strong></span> 
     </span>
     <span class='ocr_line' id='line_1_69' title="bbox 1784 3517 2808 3593; baseline 0 -21"><span class='ocrx_word' id='word_1_386' title='bbox 1784 3531 1912 3574; x_wconf 83' lang='lat' dir='ltr'><strong>teste</strong></span> <span class='ocrx_word' id='word_1_387' title='bbox 1936 3521 2152 3585; x_wconf 81' lang='lat' dir='ltr'><strong>Tacito,</strong></span> <span class='ocrx_word' id='word_1_388' title='bbox 2179 3521 2234 3573; x_wconf 89' lang='lat' dir='ltr'><strong>in</strong></span> <span class='ocrx_word' id='word_1_389' title='bbox 2258 3522 2434 3575; x_wconf 83' lang='lat' dir='ltr'><strong>Germ.</strong></span> <span class='ocrx_word' id='word_1_390' title='bbox 2465 3536 2583 3590; x_wconf 80' lang='lat' dir='ltr'><strong>cap.</strong></span> <span class='ocrx_word' id='word_1_391' title='bbox 2605 3517 2687 3588; x_wconf 56' lang='lat'><strong>¹¹23</strong></span> <span class='ocrx_word' id='word_1_392' title='bbox 2712 3523 2808 3593; x_wconf 82' lang='lat' dir='ltr'><strong>qui</strong></span> 
     </span>
     <span class='ocr_line' id='line_1_70' title="bbox 1781 3597 2805 3672; baseline 0.003 -20"><span class='ocrx_word' id='word_1_393' title='bbox 1781 3618 1896 3652; x_wconf 84' lang='lat' dir='ltr'><strong>mos</strong></span> <span class='ocrx_word' id='word_1_394' title='bbox 1937 3599 2234 3653; x_wconf 79' lang='lat' dir='ltr'><strong>diutissime</strong></span> <span class='ocrx_word' id='word_1_395' title='bbox 2279 3597 2419 3672; x_wconf 77' lang='lat' dir='ltr'><strong>apud</strong></span> <span class='ocrx_word' id='word_1_396' title='bbox 2465 3617 2556 3652; x_wconf 75' lang='lat' dir='ltr'><strong>eos</strong></span> <span class='ocrx_word' id='word_1_397' title='bbox 2574 3637 2593 3666; x_wconf 95' lang='lat'><strong>,</strong></span> <span class='ocrx_word' id='word_1_398' title='bbox 2645 3615 2700 3654; x_wconf 83' lang='lat' dir='ltr'><strong>et</strong></span> <span class='ocrx_word' id='word_1_399' title='bbox 2748 3602 2805 3655; x_wconf 83' lang='lat' dir='ltr'><strong>in</strong></span> 
     </span>
     <span class='ocr_line' id='line_1_71' title="bbox 1780 3679 2806 3752; baseline 0.002 -21"><span class='ocrx_word' id='word_1_400' title='bbox 1780 3680 1958 3733; x_wconf 79' lang='lat' dir='ltr'><strong>multis</strong></span> <span class='ocrx_word' id='word_1_401' title='bbox 1999 3679 2297 3734; x_wconf 65' lang='lat' dir='ltr'><strong>Germania</strong></span> <span class='ocrx_word' id='word_1_402' title='bbox 2337 3680 2465 3733; x_wconf 81' lang='lat' dir='ltr'><strong>locis</strong></span> <span class='ocrx_word' id='word_1_403' title='bbox 2485 3717 2501 3745; x_wconf 91' lang='lat'>‚</span> <span class='ocrx_word' id='word_1_404' title='bbox 2532 3698 2707 3752; x_wconf 81' lang='lat' dir='ltr'><strong>usque</strong></span> <span class='ocrx_word' id='word_1_405' title='bbox 2738 3680 2806 3733; x_wconf 83' lang='lat' dir='ltr'><strong>ad</strong></span> 
     </span>
     <span class='ocr_line' id='line_1_72' title="bbox 1779 3758 2804 3826; baseline 0.002 -15"><span class='ocrx_word' id='word_1_406' title='bbox 1779 3778 1901 3814; x_wconf 81' lang='lat' dir='ltr'><strong>ann.</strong></span> <span class='ocrx_word' id='word_1_407' title='bbox 1936 3761 2079 3815; x_wconf 85' lang='lat'>1566</span> <span class='ocrx_word' id='word_1_408' title='bbox 2098 3799 2115 3826; x_wconf 86' lang='lat'><strong>,</strong></span> <span class='ocrx_word' id='word_1_409' title='bbox 2132 3761 2176 3814; x_wconf 89' lang='lat' dir='ltr'><strong>si</strong></span> <span class='ocrx_word' id='word_1_410' title='bbox 2199 3760 2356 3812; x_wconf 76' lang='grc' dir='ltr'><strong>Μαι-ο</strong></span> <span class='ocrx_word' id='word_1_411' title='bbox 2377 3758 2539 3812; x_wconf 84' lang='lat' dir='ltr'><strong>fidem</strong></span> <span class='ocrx_word' id='word_1_412' title='bbox 2557 3759 2804 3813; x_wconf 82' lang='lat' dir='ltr'><strong>adhibea-</strong></span> 
     </span>
     <span class='ocr_line' id='line_1_73' title="bbox 1778 3840 2805 3911; baseline 0 -19"><span class='ocrx_word' id='word_1_413' title='bbox 1778 3858 1914 3906; x_wconf 81' lang='lat' dir='ltr'><strong>mus,</strong></span> <span class='ocrx_word' id='word_1_414' title='bbox 1931 3840 2176 3894; x_wconf 80' lang='lat' dir='ltr'><strong>invaluit:</strong></span> <span class='ocrx_word' id='word_1_415' title='bbox 2195 3851 2352 3911; x_wconf 85' lang='lat' dir='ltr'><strong>atque</strong></span> <span class='ocrx_word' id='word_1_416' title='bbox 2372 3841 2531 3892; x_wconf 78' lang='lat' dir='ltr'><strong>etiam</strong></span> <span class='ocrx_word' id='word_1_417' title='bbox 2549 3841 2805 3911; x_wconf 76' lang='lat' dir='ltr'><strong>Argento-</strong></span> 
     </span>
     <span class='ocr_line' id='line_1_74' title="bbox 1775 3919 2799 3994; baseline 0.001 -23"><span class='ocrx_word' id='word_1_418' title='bbox 1775 3921 1906 3986; x_wconf 80' lang='lat' dir='ltr'><strong>rati,</strong></span> <span class='ocrx_word' id='word_1_419' title='bbox 1932 3933 1991 3973; x_wconf 87' lang='lat' dir='ltr'><strong>ut</strong></span> <span class='ocrx_word' id='word_1_420' title='bbox 2024 3933 2169 3994; x_wconf 86' lang='lat' dir='ltr'><strong>patet</strong></span> <span class='ocrx_word' id='word_1_421' title='bbox 2207 3939 2272 3974; x_wconf 85' lang='lat' dir='ltr'><strong>ex</strong></span> <span class='ocrx_word' id='word_1_422' title='bbox 2299 3920 2533 3973; x_wconf 77' lang='lat' dir='ltr'><strong>Glossar.</strong></span> <span class='ocrx_word' id='word_1_423' title='bbox 2565 3919 2799 3973; x_wconf 80' lang='lat' dir='ltr'><strong>scherzii</strong></span> 
     </span>
     <span class='ocr_line' id='line_1_75' title="bbox 1774 4003 2081 4055; baseline 0.01 -3"><span class='ocrx_word' id='word_1_424' title='bbox 1774 4018 1904 4054; x_wconf 74' lang='lat' dir='ltr'><strong>voce</strong></span> <span class='ocrx_word' id='word_1_425' title='bbox 1925 4003 2081 4055; x_wconf 77' lang='lat' dir='ltr'><strong>nacke.</strong></span> 
     </span>
    </p>

    <p class='ocr_par' dir='ltr' id='par_1_15' title="bbox 1773 4079 2797 4232">
     <span class='ocr_line' id='line_1_76' title="bbox 1838 4079 2797 4154; baseline -0.003 -20"><span class='ocrx_word' id='word_1_426' title='bbox 1838 4081 1887 4134; x_wconf 85' lang='lat'><strong>5.</strong></span> <span class='ocrx_word' id='word_1_427' title='bbox 1900 4081 2014 4134; x_wconf 79' lang='lat' dir='ltr'><strong>Nisi</strong></span> <span class='ocrx_word' id='word_1_428' title='bbox 2026 4101 2164 4154; x_wconf 79' lang='lat' dir='ltr'><strong>quum</strong></span> <span class='ocrx_word' id='word_1_429' title='bbox 2183 4079 2615 4145; x_wconf 68' lang='lat' dir='ltr'><strong>adoleverint.Qun</strong></span> <span class='ocrx_word' id='word_1_430' title='bbox 2630 4091 2797 4146; x_wconf 64' lang='lat' dir='ltr'><strong>atate,</strong></span> 
     </span>
     <span class='ocr_line' id='line_1_77' title="bbox 1773 4159 2795 4232; baseline 0 -21"><span class='ocrx_word' id='word_1_431' title='bbox 1773 4159 2062 4232; x_wconf 79' lang='lat' dir='ltr'><strong>ignoratur.</strong></span> <span class='ocrx_word' id='word_1_432' title='bbox 2078 4162 2258 4215; x_wconf 73' lang='lat' dir='ltr'><strong>Romae</strong></span> <span class='ocrx_word' id='word_1_433' title='bbox 2273 4173 2467 4225; x_wconf 82' lang='lat' dir='ltr'><strong>autem,</strong></span> <span class='ocrx_word' id='word_1_434' title='bbox 2485 4178 2605 4211; x_wconf 79' lang='lat' dir='ltr'><strong>xvn</strong></span> <span class='ocrx_word' id='word_1_435' title='bbox 2626 4160 2795 4224; x_wconf 71' lang='lat' dir='ltr'><strong>annis.</strong></span> 
     </span>
    </p>
   </div>
   <div class='ocr_carea' id='block_1_12' title="bbox 1853 4237 2794 4315">
    <p class='ocr_par' dir='ltr' id='par_1_16' title="bbox 1853 4237 2794 4315">
     <span class='ocr_line' id='line_1_78' title="bbox 1853 4237 2794 4315; baseline -0.001 -20"><span class='ocrx_word' id='word_1_436' title='bbox 1853 4244 1906 4295; x_wconf 82' lang='lat'><strong>6.</strong></span> <span class='ocrx_word' id='word_1_437' title='bbox 1934 4241 1988 4294; x_wconf 84' lang='lat' dir='ltr'><em>F</em></span> <span class='ocrx_word' id='word_1_438' title='bbox 1986 4243 2279 4315; x_wconf 77' lang='lat' dir='ltr'><strong>iliumque....</strong></span> <span class='ocrx_word' id='word_1_439' title='bbox 2293 4240 2489 4293; x_wconf 79' lang='lat' dir='ltr'><strong>ducunt.</strong></span> <span class='ocrx_word' id='word_1_440' title='bbox 2510 4237 2664 4294; x_wconf 80' lang='lat' dir='ltr'><strong>Hanc</strong></span> <span class='ocrx_word' id='word_1_441' title='bbox 2678 4257 2794 4312; x_wconf 68' lang='lat' dir='ltr'><strong>par-</strong></span> 
     </span>
    </p>
   </div>
  </div>
 </body>
</html>
