3111 5147
538 561 678 628 DE
732 560 1075 628 BELLO
1132 560 1621 630 GALLICO.
1683 561 1867 630 LIB.
1903 565 1981 629 1.

2253 561 2350 635 65

227 691 474 793 diorum
512 705 939 820 exceperunst.
973 693 1243 785 Reperti
1271 707 1424 760 sunt
1451 691 1825 786 complures
1846 695 2056 763 nostri
2090 692 2355 782 milites,

224 786 327 892 qui
369 801 436 867 in
481 782 897 892 phalangas⁵
928 795 1279 886 insilirent,
1302 813 1369 865 et
1396 813 1583 867 scuta
1621 798 1923 868 manibus
1967 800 2356 871 revellerent

224 918 286 971 et
332 904 624 1033 desuper
667 901 1109 972 vulnerarent.
1159 905 1383 993 Quum
1428 904 1719 973 hostium
1760 906 1932 974 acies
1992 930 2031 974 a
2093 908 2355 976 sinistro

227 996 475 1079 cornu⁶
525 1009 719 1104 pulsa
778 1024 974 1103 atque
1032 1011 1100 1076 in
1153 1009 1377 1104 fugam
1432 1034 1751 1079 conversa
1804 1028 2012 1099 esset,
2043 1036 2081 1080 a
2122 1012 2356 1082 dextro

230 1140 424 1184 cornu
440 1115 932 1184 ’vehementer
990 1113 1407 1184 multitudine
1466 1140 1736 1185 suorum
1797 1133 2093 1186 nostram
2147 1121 2355 1187 aciem

234 1222 631 1314 premebant.
674 1220 756 1289 Id
797 1244 1013 1315 quum·
1042 1221 1608 1291 animadvertisset
1646 1225 1715 1290 P.
1756 1210 2074 1292 Crassus⁸
2112 1223 2356 1294 adoles·
2421 1276 2432 1284 -

237 1352 375 1397 cens
393 1382 412 1416 ‚
445 1330 567 1423 qui
608 1329 906 1421 equitatu
950 1342 1230 1423 praeerat
1249 1381 1269 1415 ,
1296 1326 1474 1422 quod
1528 1328 1895 1422 expeditior
1941 1344 2084 1398 erat
2102 1384 2120 1418 ,
2156 1356 2356 1424 quam

238 1551 381 1610 eaput
417 1539 687 1592 contextis
729 1537 797 1591 nd
846 1536 1247 1610 irrumpendam

240 1618 585 1671 nummorum
628 1619 795 1671 aciem
841 1612 968 1671 totis
1007 1617 1248 1690 undique

240 1699 620 1767 penu-imissa
650 1696 743 1751 sed
774 1709 1055 1770 postquam
1084 1698 1249 1770 aliqui

241 1776 589 1830 Romanorum
616 1777 851 1830 militum
868 1795 1027 1848 super
1052 1775 1250 1830 obduc-

245 1865 351 1906 tam
391 1856 566 1909 “licre
594 1854 915 1910 testudinem
932 1893 950 1920 ‚
980 1858 1141 1909 scutis
1178 1857 1250 1909 si-

246 1933 467 2005 gillatim
492 1936 633 1988 velut
669 1937 955 2007 squammis
993 1936 1215 1989 revulsis
1232 1970 1250 2001 ,

248 2010 473 2084 desuper
496 2011 663 2068 nudos
677 2012 1131 2085 deprehensorum
1147 2016 1249 2068 hu·

247 2111 417 2145 meros
428 2092 722 2165 perfodisse.
739 2093 953 2159 Florus,
967 2111 1064 2159 111,
1074 2113 1095 2147 1
1109 2113 1162 2160 o,
1177 2096 1252 2148 sic

245 2169 429 2224 habet:
447 2173 546 2243 Qui
553 2173 687 2225 calor
704 2173 1038 2244 inproeliando
1056 2174 1252 2227 militum

237 2251 399 2317 βαι-ὰ,
414 2252 541 2303 nullo
551 2256 707 2322 magis
719 2254 922 2323 exprimi
923 2264 1095 2323 potest,
1112 2271 1251 2324 quam

247 2332 519 2402 quoddam
545 2335 1052 2403 supereaputseutis,
1080 2350 1254 2383 cumn

248 2411 464 2463 testudine
495 2412 729 2463 barbarus
753 2424 950 2481 tegeret,
980 2430 1123 2482 super
1152 2415 1256 2482 ipsa

244 2488 586 2545 Roamscuta
598 2491 842 2552 saliet-mat,
859 2502 910 2542 ee
920 2491 1030 2543 Inde
1044 2493 1254 2561 irajugu·

245 2569 307 2622 Ια
326 2571 509 2641 gladiis
537 2570 897 2624 descendebant.
918 2571 1049 2637 Quae
1077 2570 1258 2624 Orosii

242 2663 290 2703 et
313 2650 456 2704 Flori
475 2651 640 2704 verba
658 2652 897 2704 tenebras
911 2652 1127 2704 Caesaris
1144 2663 1255 2703 tex-

244 2731 313 2782 tui
337 2750 435 2803 pro
480 2731 604 2783 luce
646 2728 971 2783 offuderunt.
1004 2730 1257 2783 Faten'tur

240 2810 372 2862 enim
402 2829 462 2863 se
507 2810 712 2862 nescire
755 2809 1096 2880 interpretes,
1122 2827 1256 2881 qno·

239 2888 391 2942 modo
417 2888 485 2942 id
510 2888 680 2942 fleret.
699 2891 769 2942 At
794 2889 897 2941 Dio
923 2906 1042 2959 qum
1072 2889 1140 2941 sit
1166 2889 1255 2941 illa

240 2967 440 3021 testudo
475 2968 604 3021 satis
629 2968 800 3039 planis
814 2968 988 3020 verbis
1004 2966 1258 3033 declarat,

238 3046 473 3120 quidque
487 3047 727 3101 barbaris
754 3048 1046 3119 plurimum
1062 3063 1258 3099 nocue-

240 3127 335 3192 rit,
359 3127 619 3200 exponit,
645 3145 836 3198 nempe
866 3124 1013 3197 quod
1041 3125 1261 3178 durave-

240 3218 360 3259 runt
398 3207 577 3278 magis
618 3206 873 3271 Romani3
911 3206 1091 3258 labore
1131 3224 1259 3259 vero

242 3285 447 3340 barbffi
480 3286 644 3358 paulo
673 3285 1067 3338 vehementiore
1109 3286 1261 3338 fmcti

244 3378 398 3419 sunt:
432 3383 613 3437 neque
656 3377 833 3418 tamen
876 3366 932 3417 in
980 3365 1157 3435 fugam
1204 3383 1260 3417 se

243 3441 536 3510 dederunt,
566 3464 678 3497 non
717 3442 864 3516 quod
901 3444 1104 3496 nollent
1121 3482 1138 3508 ,
1167 3441 1259 3497 sed

243 3523 385 3593 quod
412 3544 530 3578 non
560 3535 777 3596 possent
806 3536 1024 3595 propter
1052 3524 1259 3576 lassitu-

239 3601 438 3658 dinem.
476 3604 798 3675 Conglobeti
839 3603 1001 3674 igitur
1040 3603 1261 3655 trecenti

239 3683 359 3753 plus
388 3684 605 3746 minus,
634 3695 690 3735 et
725 3680 965 3753 undique
1005 3701 1060 3734 se
1102 3682 1262 3734 scutis

238 3775 580 3834 protegentes
608 3763 846 3833 rectique
875 3773 1067 3814 stantes
1081 3800 1098 3826 ,
1128 3779 1262 3832 oegre

239 3843 448 3894 moveri
478 3854 724 3914 poterant
760 3843 831 3894 ob
872 3839 1263 3904 densationem,

238 3921 556 3974 vulneribus
597 3940 662 3974 eo
693 3919 856 3973 modo
892 3938 1067 3991 neque
1108 3920 1263 3973 illatis

240 4017 417 4071 neque
461 4000 704 4072 acceptis.
749 4000 867 4052 Hoc
908 4011 1014 4064 est,
1046 3998 1191 4069 quod
1233 4017 1263 4051 ιι

242 4078 453 4132 Cesar-e
467 4081 719 4151 phalanx,
738 4081 804 4132 ab
831 4079 947 4132 aliis
979 4078 1162 4129 testudo
1186 4076 1265 4129 di-

236 4158 398 4211 citur.
410 4160 637 4212 Romani
650 4159 883 4232 primum
900 4158 1008 4230 pila
1018 4159 1265 4227 rejecere,

238 4249 300 4289 ut
340 4239 486 4292 nulli
523 4241 634 4310 jam
680 4238 801 4294 usui
839 4238 1048 4302 futura,
1077 4233 1264 4307 gladiis

346 4364 417 4429 I.

1335 1555 1463 1590 vero
1499 1556 1674 1609 neque
1704 1538 1946 1592 cominus
1976 1537 2228 1594 dimicare
2258 1560 2356 1613 po·

1336 1629 1534 1682 terant,
1567 1634 1740 1689 neque
1760 1620 1930 1688 capita
1960 1619 2195 1671 hostium
2221 1639 2356 1672 asse·

1337 1697 1460 1768 qui,
1490 1715 1596 1768 qua
1627 1708 1800 1749 tamen
1831 1709 1979 1768 parte
2011 1698 2214 1751 facilius
2243 1700 2359 1751 vul-

1334 1776 1511 1829 nerari
1523 1787 1797 1847 poterant,
1809 1788 1873 1827 ut
1887 1789 2011 1848 pote
2029 1776 2187 1830 nuda.
2201 1780 2358 1831 Com·

1335 1856 1547 1927 plures
1531 1868 1710 1926 itaque
1728 1856 1925 1908 mortui
1941 1870 2064 1909 sunt
2076 1870 2356 1929 antequam

1337 1933 1584 1987 caderent
1596 1948 1815 2007 propter
1828 1933 2188 1989 densationem
2200 1937 2357 2001 aciei,

1336 2014 1641 2085 mortuique
1690 2002 2037 2068 nihilominus
2078 2017 2282 2069 stabant
2328 2020 2358 2068 ὲ

1337 2094 1788 2147 commilitonibus
1814 2095 2105 2147 sustentati.
2134 2095 2276 2149 Gon.

1422 2173 1472 2226 5.
1489 2174 1788 2243 phalangas.
1807 2174 2059 2226 Germani
2073 2175 2359 2245 generatim

1338 2262 1395 2304 et
1413 2271 1511 2324 per
1530 2253 1804 2305 intervalla
1820 2264 2012 2306 stantes
2026 2256 2359 2325 pugnabant,

1338 2343 1400 2383 ut
1421 2346 1577 2403 supra
1610 2329 1811 2384 dictum
1841 2343 1933 2385 est.
1952 2364 2031 2375 —-
2052 2331 2326 2385 Generatim
2341 2371 2359 2398 ,

1338 2428 1436 2482 per
1470 2422 1665 2482 gentes.
1700 2412 1776 2464 M.
1799 2444 1880 2453 —
1903 2411 2045 2481 Ergo
2089 2424 2168 2464 tot
2211 2425 2361 2465 erant

1340 2490 1623 2561 phalanges
1636 2528 1652 2555 ,
1678 2504 1808 2561 quot
1837 2502 2032 2561 gentes.

1423 2573 1476 2624 6.
1509 2570 1716 2623 Sinistra
1756 2569 2193 2643 comu.1ntellige
2236 2570 2362 2625 hos-

1341 2649 1504 2702 tium:
1529 2669 1650 2721 quo
1675 2667 1797 2723 pers
1824 2663 1936 2703 erat
1963 2651 2181 2703 minime
2210 2652 2364 2704 firma

1341 2730 1584 2810 opposita
1597 2728 1784 2783 dextro
1801 2732 1986 2782 cornui
2001 2750 2359 2785 romanorum.

1424 2828 1475 2879 7.
1505 2810 1696 2861 Dextro
1727 2829 1889 2862 cor-nu.
1926 2811 2062 2862 Item
2086 2809 2154 2863 de
2175 2810 2363 2864 dextro

1341 2901 1510 2940 cornu
1535 2889 1767 2941 hostium
1797 2889 2124 2959 intelligitur.

1334 2983 1349 2990 ’
1423 2969 1476 3021 8.
1508 2969 1573 3020 Ρ.
1601 2969 1816 3021 Cmssus.
1856 2968 2017 3020 Filius
2048 2970 2125 3021 Μ.
2159 2971 2364 3034 Crassi,

1343 3047 1507 3099 multa
1534 3048 1739 3118 egregie
1782 3047 2089 3118 fortiterque
2120 3050 2275 3117 gessit
2306 3050 2361 3101 in

1342 3125 1446 3177 hoc
1474 3126 1614 3178 bello
1644 3145 1761 3197 quae
1789 3139 2271 3179 commemorantur
2307 3129 2364 3180 in

1345 3206 1746 3258 commentariis.
1764 3207 1817 3257 Is
1829 3217 2000 3258 autem
2016 3207 2202 3259 missus
2215 3226 2244 3259 a
2257 3208 2368 3261 Cae-

1343 3302 1457 3337 sare
1481 3283 1549 3336 ad
1573 3297 1776 3356 patrem
1802 3285 1858 3337 in
1879 3286 2101 3338 Parthos
2125 3287 2365 3357 proficis·

1344 3376 1549 3416 centem
1579 3384 1702 3417 cnm
1741 3365 1887 3417 mille
1926 3362 2139 3419 delectis
2175 3367 2367 3437 equiti-

1345 3444 1462 3508 bus,
1470 3444 1612 3497 hello
1620 3445 1868 3498 Parthico
1879 3445 2087 3498 fortiter
2103 3447 2366 3500 occubuit.

1345 3522 1487 3575 Gon.
1508 3523 1781 3577 succincta
1801 3524 1959 3577 nimis
1977 3537 2054 3576 est
2068 3525 2218 3578 istius
2239 3544 2369 3596 prze-

1344 3601 1403 3654 lii
1433 3601 1747 3675 descriptio,
1769 3622 1927 3675 quam
1961 3616 2020 3656 ut
2047 3605 2367 3656 observatio-

1346 3682 1503 3734 nibus
1525 3684 1717 3735 nostris
1744 3685 1917 3737 locum
1948 3685 2207 3754 praebeat:
2235 3682 2369 3736 ordo

1348 3762 1488 3814 solus
1503 3781 1694 3832 pugnae
1715 3764 1828 3815 fuse
1848 3762 2188 3827 describitur,
2206 3775 2259 3814 et
2278 3781 2370 3835 op-

1349 3841 1477 3892 time
1503 3839 1720 3911 quidem
1750 3861 1777 3894 a
1800 3842 2051 3894 Romanis
2081 3842 2370 3896 institutus.

1349 3918 1668 3973 Laudandus
1692 3939 1816 3973 sene
1841 3922 1900 3974 P.
1928 3921 2098 3973 Crassi
2123 3922 2372 3975 transitus

1351 4000 1407 4051 in
1457 3999 1672 4051 alteram
1717 4012 1921 4070 partem
1961 4017 2085 4052 cum
2110 4001 2371 4070 equitatu3

1348 4079 1663 4150 peritissima
1675 4079 1816 4130 enim
1831 4098 1893 4131 en
1906 4080 2248 4132 conversione
2265 4083 2372 4135 suis

1350 4158 1624 4211 victoriam
1650 4158 1856 4230 peperit
1881 4176 1894 4209 t
1939 4177 2005 4211 an
2037 4171 2223 4230 sponte
2254 4180 2369 4226 sua,

1353 4255 1416 4291 en
1445 4237 1873 4309 jmsu.Caesaris?
1902 4239 2149 4293 nescitur.

1966 4359 2005 4430 5
