3111 5147
501 559 645 627 DE
697 558 1047 626 BELLO
1102 559 1601 629 GALLICO.
1660 564 1847 633 LIB.
1903 567 2133 635 VIII.
2247 569 2388 656 431

259 693 443 762 tione
478 691 814 764 diversum
857 690 1156 786 praelium
1175 689 1217 759 ².
1249 692 1453 781 Quod
1493 719 1700 787 quum
1729 695 1972 767 diutius
2007 703 2149 795 pari
2185 704 2404 774 Marte

259 799 542 867 iniretur
560 852 579 884 ‚
622 796 939 892 paulatim
979 823 1060 867 ex
1099 796 1276 868 silvis
1325 800 1648 870 instructa
1702 802 2056 875 multitudo
2105 812 2403 902 procedit

263 905 562 1001 peditum
583 959 602 991 ‚
636 930 783 999 quae
823 920 1088 974 nostros
1129 908 1308 1000 cogit
1341 906 1577 976 cedere
1618 911 1866 1003 equites
1897 937 1912 978 ε
1958 913 2196 1007 quibus
2232 915 2399 985 celc-

263 1014 424 1080 riter
452 1012 852 1081 subveniunt
880 1010 1040 1081 levis
1080 1027 1432 1081 armaturae
1475 1014 1726 1108 pedites
1753 1069 1772 1105 ‚
1802 1043 1969 1111 quos
2005 1035 2159 1091 ante
2200 1020 2399 1118 legio·-

263 1143 383 1188 nes
419 1120 656 1188 missos
690 1118 930 1206 docui3
965 1120 1329 1212 turnusque
1358 1135 1739 1190 nostrorum
1771 1125 2177 1244 interpositi,
2210 1154 2403 1200 cons-

264 1239 484 1293 tanter
515 1224 913 1320 praeliantur.
951 1228 1292 1320 Pugnatur
1331 1225 1709 1320 aliquandiu
1754 1234 1897 1324 pari
1939 1237 2396 1305 contentione.

265 1330 542 1418 deinde,
580 1346 657 1400 ut
698 1334 866 1400 ratio
908 1330 1285 1426 postulabat
1333 1332 1585 1452 praelii,
1628 1337 1738 1428 qui
1782 1339 2227 1409 sustinuerant
2267 1345 2399 1438 pri·

265 1461 412 1507 mos
439 1440 721 1533 impetus
737 1423 1211 1526 ³insidiarum,
1235 1440 1412 1508 hoc
1394 1464 1539 1534 ipso
1575 1440 1744 1509 fiunt
1780 1445 2187 1537 superiores,
2222 1449 2399 1542 quod

265 1543 521 1613 nullum
547 1545 632 1612 ab
657 1544 1110 1615 insidiantibus
1137 1546 1587 1640 imprudentes
1623 1564 2014 1642 acceperant
2043 1550 2398 1622 detrimen·

263 1665 429 1719 tum.
461 1650 805 1720 Accedunt
833 1654 1106 1748 propius
1139 1654 1400 1721 interim
1441 1651 1728 1747 legiones
1751 1708 1770 1742 ‚
1794 1656 2137 1751 crebrique
2164 1658 2399 1728 eodem

263 1771 566 1853 tempore
598 1773 667 1827 et
707 1760 947 1828 nostris
981 1773 1048 1827 et
1078 1759 1377 1828 hostibus
1412 1760 1636 1828 nuncii
1671 1758 2042 1830 afferuntur
2061 1817 2081 1850 ,
2116 1765 2396 1859 impera·

265 1878 480 1933 torem
523 1867 857 1935 instructis
898 1867 1104 1960 copiis
1145 1865 1388 1934 adesse.
1436 1867 1593 1955 Qua
1634 1890 1706 1933 re
1750 1870 2013 1961 cognita
2031 1922 2050 1957 ,
2094 1872 2398 1964 praesidio

265 1971 644 2040 cohortium
673 1972 903 2042 confisi
940 1973 1148 2040 nostri
1168 2026 1187 2060 ‚
1214 1973 1530 2041 acerrime
1570 1970 1950 2068 praeliantur
1974 2028 1992 2062 ,
2024 1999 2107 2042 ne
2131 2029 2151 2060 ‚
2185 1977 2236 2044 si
2264 1992 2398 2047 tar-

265 2076 414 2146 dius
451 2104 594 2147 rem
624 2080 1006 2173 gessissent,
1031 2079 1321 2147 victoriae
1367 2076 1643 2173 gloriam
1680 2083 2201 2152 communicasse
2243 2109 2398 2153 cum

265 2182 632 2279 legionibus
689 2184 1087 2254 viderentur.
1152 2188 1392 2254 Hostes
1453 2185 1811 2254 concidunt
1865 2188 2096 2256 animis
2130 2240 2149 2274 ‚
2200 2203 2399 2283 atque

263 2291 606 2359 itineribus
673 2291 946 2359 diversis
1005 2291 1233 2385 fugam
1287 2306 1608 2384 quaerunt.
1663 2293 2125 2387 Nequidquam
2167 2319 2181 2361 ε
2241 2319 2396 2364 nam

263 2397 503 2491 quibus
544 2395 1037 2466 difficultatibus
1078 2395 1377 2466 locorum
1422 2399 1761 2466 Romanos
1814 2396 2119 2468 claudere
2172 2399 2395 2472 volue-

267 2519 457 2591 rant,
499 2505 578 2572 iis
610 2505 732 2599 ipsi
760 2504 1197 2572 tenebantur:
1242 2504 1399 2572 victi
1435 2491 1696 2575 tamcn⁴
1739 2493 2213 2600 perculsique⁵‚
2256 2532 2393 2577 ma·

260 2611 407 2704 jore
431 2625 620 2705 parte
642 2612 913 2697 amissa,
940 2635 1072 2704 quo
1092 2610 1227 2679 fors
1249 2608 1519 2698 tulerat,
1550 2614 1951 2680 consternati
1978 2610 2394 2708 profugiunt,

264 2719 508 2812 partim
551 2714 725 2785 silvis
767 2717 1020 2811 petitis,
1058 2717 1297 2811 partim
1354 2716 1667 2803 flumine3
1711 2720 1822 2811 qui
1866 2734 2087 2788 tamen
2123 2720 2192 2787 in
2234 2721 2392 2815 fuga

265 2846 306 2891 a
332 2826 571 2894 nostris
599 2825 838 2892 acriter
865 2822 1354 2916 insequentibus
1382 2822 1865 2891 conficiuntur:
1896 2850 2100 2917 quum
2129 2828 2391 2894 interim

269 2995 340 3050 ad
359 2998 628 3049 Romanos
640 2995 902 3059 reses-unu
918 3008 979 3047 ut
993 2995 1062 3047 sit
1076 3012 1256 3048 sensus
1271 3012 1285 3046 :

270 3094 442 3148 quum
452 3078 621 3129 nostri
643 3081 744 3127 rari
751 3076 1111 3146 praeliarentur,
1123 3093 1283 3142 neqsoe,

269 3168 362 3210 etc.
378 3152 812 3218 coeten'(Romani)
823 3165 1085 3226 οηιηφωιτ,
1110 3153 1288 3206 Correo

262 3238 522 3309 pro-liuore
531 3257 591 3287 ex
601 3236 831 3288 silvisJta
847 3253 1060 3306 quoque
1077 3229 1291 3286 Ouden-

270 3315 428 3388 dorp.
470 3316 646 3389 jungit
689 3337 750 3366 ea:
785 3316 915 3367 silvis
955 3332 1078 3366 cum
1111 3313 1288 3366 Correo

265 3396 549 3467 proeliante,
580 3410 634 3448 et
651 3396 1058 3465 interpretatur:
1089 3396 1285 3453 coeteri,

273 3476 389 3531 scil.
412 3478 614 3548 equites
641 3474 838 3538 nostri,
866 3485 1137 3543 erumpunt,
1159 3431 1289 3525 duni

271 3557 487 3627 primae,
499 3565 982 3628 quaeaccesserant,
991 3564 1177 3605 turmas
1190 3552 1290 3604 im·

273 3649 462 3707 petum
474 3636 731 3689 sustinent
746 3633 932 3686 Correi
948 3632 1219 3704 praeliantis
1231 3652 1292 3684 ω

273 3716 441 3778 silvi&
484 3712 629 3768 unde
679 3714 959 3785 sequitur·
1014 3724 1290 3784 postquam

274 3795 480 3866 equites
501 3796 862 3849 Remorum
887 3806 942 3846 et
960 3792 1147 3846 Cori-ei
1175 3792 1292 3862 pari

275 3874 451 3927 Mane
482 3872 890 3938 contenderent,
930 3869 1133 3944 pedites
1160 3888 1291 3943 quo-

274 3972 381 4025 que
395 3954 583 4009 Con-ei
591 3954 945 4018 surrexisse-et
957 3970 1019 4006 ex
1031 3951 1296 4021 silvispm-

275 4038 483 4087 cessisse.
536 4034 692 4087 Prior
735 4032 1099 4104 interpretatio
1159 4029 1293 4083 mihi

275 4115 442 4186 magis
471 4111 686 4167 arridet.
797 4140 804 4144 ·

365 4214 417 4247 s·
452 4195 704 4247 Diversum
721 4194 959 4265 prela'aam.
983 4193 1050 4243 In
1075 4187 1295 4243 diversis

275 4275 549 4346 partibus,
577 4274 785 4345 passim.

1458 2994 1511 3047 3.
1538 2994 1729 3046 Primos
1751 2998 1949 3065 &npetu
1979 2997 2275 3051 instdiamm.
2300 3001 2393 3052 In·

1374 3072 1703 3127 sidiatorum.
1734 3072 1818 3126 Sic
1843 3092 2003 3146 supra
2016 3111 2033 3140 ‚
2055 3093 2169 3147 cap.
2203 3095 2275 3142 11,
2293 3097 2390 3148 pa·

1374 3151 1656 3215 balationes,
1689 3171 1791 3224 pro
1810 3153 2189 3223 pabulatoribus.

1456 3240 1507 3295 4.
1545 3233 1680 3283 Victi
1709 3245 1880 3285 tamen.
1922 3233 2034 3286 Pet.
2076 3234 2246 3288 Giacc.
2279 3254 2388 3289 res·

1373 3311 1508 3365 cribi
1528 3313 1646 3365 vult
1668 3312 1872 3365 tandem.
1903 3313 2024 3365 Non
2048 3332 2256 3367 necesse
2275 3327 2386 3369 est.
2372 3333 2387 3347 ·

1374 3410 1498 3445 nam
1529 3403 1682 3443 comm
1700 3411 1800 3464 pro
1821 3393 2009 3444 tandem
2035 3391 2231 3447 dicitur
2258 3405 2389 3448 toste

1376 3471 1609 3524 Nonnio.
1631 3472 1872 3544 Propert.
1890 3473 1928 3526 l.
1959 3491 2022 3536 ιι,
2032 3474 2101 3525 el.
2128 3491 2183 3539 1,
2200 3492 2250 3526 v.
2282 3478 2386 3545 76.

1377 3549 1695 3590 umanum-v
1674 3555 1828 3591 veni-nt
1813 3552 2044 3600 timon-l·
2069 3555 2347 3594 cmvi-est.

1375 3628 1457 3681 De
1480 3646 1590 3699 quo
1614 3627 1739 3681 vide
1768 3629 2176 3682 Broukhnsium.

1462 3708 1511 3761 5.
1545 3708 1865 3781 Pemulsique.
1881 3708 2013 3761 scal.
2036 3709 2238 3780 primus
2254 3729 2285 3762 e
2305 3728 2390 3762 co-

1376 3784 1585 3840 dicibus
1602 3787 1809 3841 Cal-rar.
1828 3788 2064 3858 reposuit
2072 3790 2303 3860 propulsi.
2319 3792 2390 3843 At

1376 3864 1533 3920 codd.
1558 3884 1741 3919 omnes
1766 3866 1881 3931 alii,
1902 3879 2017 3918 tum
2038 3866 2386 3941 Oudendorp·

1378 3956 1496 4000 tum
1513 3947 1683 4001 nostri
1707 3946 1905 3999 habent
1921 3948 2133 4016 per-adn·
2164 3966 2256 3999 seu
2277 3967 2390 4018 per-

1379 4031 1517 4081 cussi.
1552 4028 1699 4080 Bene
1728 4026 1889 4097 igitur
1918 4026 2147 4079 restituit
2175 4025 2395 4080 Ouden-

1382 4104 1537 4178 dorp.
1570 4106 1790 4159 Perculsi
1816 4124 1927 4158 non
1964 4105 2275 4178 synonimus
2316 4118 2396 4161 est

1384 4205 1506 4240 cum
1529 4190 1848 4248 comternati5
1864 4186 2123 4257 significat
2143 4186 2392 4260 profliga-

1382 4267 1456 4331 ti,
1484 4267 1765 4349 prosmti,
1789 4265 2005 4338 dejecti,
2034 4268 2153 4320 fusi.
