3111 5147
614 507 753 577 DE
807 509 1150 578 BELLO
1204 511 1694 582 GALLICO.
1754 515 1939 581 LIB.
1996 516 2125 583 IV.
2316 515 2455 588 153

316 639 504 711 mani
533 642 1010 762 obtemperare.
1029 643 1289 732 Quibus
1306 643 1563 734 auditis,
1589 643 1939 715 liberaliter
1956 644 2281 740 pollicitus
2310 650 2460 719 bor-

315 763 464 817 tatu
592 773 662 836 e,
696 764 773 817 ut
804 752 871 817 in
907 773 984 818 ea
1016 752 1337 819 sententia
1366 766 1864 881 permanerent,
1886 778 2001 821 eos
2039 753 2313 824 domum
2352 782 2456 824 re·

315 856 574 924 mittit·
557 869 665 942 ,et
694 880 846 924 cum
876 856 978 924 his
1000 880 1133 925 una
1156 843 1574 936 Commium⁶
1578 911 1597 946 ,
1620 883 1816 952 quem
1840 860 2012 954 ipse,
2036 860 2457 932 Atrebatibus

315 964 674 1055 superatis,
699 985 924 1055 regem
951 957 1040 1030 ibi
1067 963 1495 1032 constituerat
1506 965 1743 1058 ,cujus
1770 980 1839 1034 et
1868 967 2179 1035 virtutem
2211 982 2280 1036 et
2306 993 2458 1037 con-
2536 999 2543 1006 ·

313 1066 532 1135 silium
560 1067 920 1161 probabat,
952 1082 1019 1137 et
1046 1093 1244 1163 quem
1286 1070 1404 1137 sibi
1443 1016 1707 1139 fidelem
1740 1059 2183 1141 arbitrabatur
2192 1075 2451 1166 ,cujus-

313 1197 445 1265 que
472 1175 830 1242 auctoritas
867 1176 935 1242 in
981 1176 1056 1245 iis
1106 1175 1482 1269 regionibus
1521 1179 1745 1295 magni
1782 1177 2210 1268 habehatur⁷,
2232 1182 2451 1248 mittit.

315 1280 489 1348 Huic
526 1279 839 1375 imperat,
861 1304 1025 1375 quas
1055 1283 1289 1412 possit,
1314 1281 1508 1350 adeat
1527 1283 1821 1352 civitates
1836 1283 2345 1379 ,horteturque,
2372 1301 2452 1355 ut

315 1384 540 1479 populi
595 1388 851 1454 romani
896 1373 1134 1457 fidem⁸
1173 1403 1563 1483 sequantur3
1598 1413 1797 1484 seque
1844 1387 2140 1459 celeriter
2171 1415 2252 1460 eo
2288 1416 2447 1460 ven·

311 1504 535 1560 turum
561 1494 848 1562 nunciet.
865 1493 1267 1582 Volusenus,
1292 1498 1650 1590 perspectis
1674 1496 2047 1591 regionibus
2059 1494 2110 1583 ⁹,
2125 1512 2447 1590 quantum

311 1599 370 1664 ei
414 1596 744 1668 facultatis
784 1597 925 1668 dari
980 1603 1226 1697 potuit,
1260 1602 1375 1697 qui
1424 1602 1577 1670 navi
1630 1601 1854 1697 egredi
1898 1627 1977 1671 ac
2029 1625 2098 1670 se
2150 1602 2447 1672 barbaris

313 1707 725 1774 committere
766 1731 901 1774 non
931 1707 1236 1795 auderet,
1259 1709 1493 1802 quinto
1531 1707 1637 1775 die
1677 1708 1761 1776 ad
1803 1711 2131 1777 Caesarem
2172 1710 2443 1777 reverti·

313 1821 454 1896 tui-3
481 1836 756 1905 quaeque
786 1812 874 1880 ibi
908 1816 1373 1909 perspexisset,
1396 1815 1756 1884 renunciat.

417 1919 633 1985 XXII.
654 1920 838 1987 Dum
862 1921 930 1986 ιιι
953 1920 1054 1988 his
1069 1918 1228 1989 locis
1245 1923 1468 1990 Caesar
1490 1921 1756 1988 navium
1781 1920 2224 2014 parandarum
2246 1945 2444 1991 causa

311 2036 639 2111 moratur,
671 2049 754 2093 ex
791 2049 1034 2120 magna
1072 2039 1261 2119 parte
1302 2027 1723 2094 Morinorum
1761 2024 1847 2093 ad
1885 2051 2038 2095 eum
2086 2024 2281 2121 legati
2326 2052 2440 2096 ve-

309 2142 587 2215 nerunt,
607 2131 718 2223 qui
747 2156 816 2199 se
847 2130 929 2199 de
964 2132 1318 2225 superioris
1353 2132 1668 2225 temporis
1709 2130 1979 2199 consilio
2017 2149 2437 2218 excusarent,

309 2234 491 2326 quod
541 2234 836 2305 homines
876 2236 1141 2305 barbari
1181 2250 1250 2304 et
1292 2250 1534 2304 nostrae
1580 2235 2067 2305 consuetudinis
2114 2238 2431 2353 imperiti¹

304 2337 548 2408 bellum
589 2340 839 2436 populo
895 2365 1170 2410 romano
1212 2340 1549 2427 fecissent,
1588 2365 1786 2435 seque
1820 2365 1930 2428 ea,
1956 2366 2102 2446 quae
2131 2343 2436 2438 imperasg

301 2458 431 2534 set,
455 2445 751 2516 facturos
780 2446 1264 2543 pollicerentur.
1293 2450 1440 2516 Hoc
1474 2446 1594 2514 sibi
1629 2448 1782 2515 satis
1814 2462 2189 2542 opportune
2212 2450 2447 2520 Caesar

298 2552 610 2623 accidisse
650 2554 1002 2623 arbitratus
1016 2553 1239 2649 ,quod
1277 2578 1491 2649 neque
1532 2567 1684 2649 post
1722 2567 1981 2649 tergum
2030 2553 2289 2625 hostem
2329 2581 2432 2625 re-

298 2656 596 2753 linquere
625 2660 924 2747 volebat,
947 2685 1162 2755 neque
1187 2659 1342 2729 belli
1376 2659 1644 2755 gerendi
1677 2675 1953 2755 propter
1984 2663 2139 2730 anni
2169 2675 2429 2757 tempus

298 2763 677 2835 facultatem
708 2765 1025 2854 habebat,
1049 2790 1263 2861 neque
1303 2767 1422 2834 has
1462 2766 1865 2835 tantularum
1900 2793 2122 2838 rerum
2158 2794 2432 2864 occupa-

298 2871 505 2941 tiones
537 2873 659 2941 sihi
689 2874 1037 2942 Britanniae
1076 2872 1568 2967 anteponendas
1590 2872 1960 2966 judicabat,
1985 2898 2297 2969 magnum
2330 2876 2430 2945 his

292 3079 410 3133 Sev.
426 3080 563 3135 Hist.
586 3080 780 3136 Sacr.l.
796 3082 850 3146 1,
871 3080 1031 3146 25,et
1049 3080 1315 3152 alii,quos
1393 3092 1587 3151 putare.
1605 3078 1732 3133 vid.
1762 3081 1915 3133 Voss.
1944 3078 2013 3132 de
2037 3092 2231 3132 constr.
2255 3099 2301 3133 c.
2331 3100 2421 3150 ²9·

227 3184 234 3195 ·
293 3158 528 3213 indicare
554 3179 939 3233 supervacuum
970 3161 1123 3213 foret.
1483 3161 1539 3213 8.
1560 3159 1628 3211 Ut
1639 3160 1704 3212 P.
1722 3158 1956 3229 Rfidem.
1980 3159 2050 3211 Ut
2065 3171 2214 3211 vacat
2228 3160 2284 3211 in
2306 3179 2426 3213 nos-

377 3242 427 3293 5.
463 3242 695 3293 Remittit.
729 3241 832 3294 Alii
864 3244 1041 3292 remisit
1061 3259 1080 3292 .·
1106 3240 1257 3292 male.
1403 3251 1487 3292 tro
1517 3236 1639 3293 eod.
1676 3239 1847 3309 5763.
1880 3240 2041 3292 Recte
2064 3236 2298 3310 quidem.

372 3324 427 3373 6.
451 3319 867 3374 Commium.Non
884 3321 1124 3381 Comana,
1148 3319 1313 3372 utba·
1484 3318 1859 3389 9.Regionibus.
1873 3317 2422 3373 Adduntmembranae

289 3403 421 3454 bent
446 3399 656 3454 codices
676 3414 731 3453 et
766 3398 890 3453 edd.
918 3399 1182 3453 nonnulli.
1209 3398 1312 3451 Dio
1399 3399 1604 3472 aliquot
1635 3399 1849 3451 omnibus
1863 3419 1883 3452 .·
1901 3396 1988 3451 sed
2010 3398 2220 3452 frustra.

288 3480 454 3533 habet
491 3481 710 3552 Κοίμιος.
742 3480 808 3533 In
841 3480 1000 3532 Thes.
1041 3476 1311 3532 Branden-
1482 3479 1613 3533 Car.
1642 3478 1820 3533 XXII.
1864 3498 1885 3532 1
1899 3520 1911 3530 .
1954 3478 2150 3531 Nostra:
2173 3489 2419 3530 consuetu-

291 3560 452 3629 burg.
467 3560 584 3611 Vol.
602 3562 713 3633 Lp.
737 3560 881 3625 305,
892 3570 1032 3611 extat
1044 3577 1311 3624 nummus,
1396 3558 1526 3611 dinis
1553 3562 1775 3630 ιἠφενίτί.
1801 3559 2027 3611 Romani
2056 3558 2233 3621 enim,
2255 3570 2316 3610 ut
2339 3558 2421 3629 ip-

288 3640 352 3691 in
398 3642 544 3708 cujus
577 3659 681 3693 nna
715 3639 850 3692 facie
894 3639 1032 3692 circa
1081 3658 1306 3710 equum,
1397 3640 1467 3691 sis
1489 3639 1663 3691 visum
1686 3651 1791 3703 est,
1815 3638 2066 3709 singulari
2085 3640 2205 3707 jure
2228 3635 2419 3708 gaude-

288 3716 656 3784 COMMIOS,
688 3720 744 3772 in
772 3720 934 3771 altera
958 3732 1116 3790 caput
1140 3720 1309 3790 galea·
1396 3718 1541 3771 bant.
1570 3718 1682 3771 Illis
1694 3719 1838 3770 enim
1857 3718 2066 3771 licitum
2081 3717 2416 3788 eratquosvis

285 3811 404 3851 tum
429 3816 551 3851 cnm
583 3800 684 3852 bac
719 3800 956 3870 inscript.
987 3798 1308 3851 GARMAN.
1396 3816 1496 3869 pro
1523 3798 1679 3850 libito
1709 3795 1940 3869 aggredi.
1975 3797 2212 3869 Populus
2243 3808 2419 3850 antem

285 3877 548 3931 Nonnulli
589 3879 855 3950 explicant
889 3878 1157 3932 Ger-manus
1169 3917 1185 3941 ‚
1215 3877 1308 3932 sed
1396 3876 1764 3948 quise-suaque
1777 3896 1886 3929 non
1903 3874 2140 3942 dederet,
2149 3876 2417 3947 piaculum

283 3958 401 4010 sine
429 3958 757 4011 auctoritate.
1396 3955 1738 4021 admittebat3
1763 3957 1857 4027 qui
1885 3968 2068 4008 contra
2091 3974 2147 4009 se
2174 3953 2418 4020 dederet,

368 4038 618 4107 7.Ma5m'
627 4037 904 4091 habebatur.
924 4038 1005 4090 Ita
1021 4035 1177 4089 codd.
1193 4056 1311 4090 nos·
1394 4036 1454 4088 in
1479 4054 1604 4088 eum
1625 4035 1923 4088 humanitas
1947 4036 2289 4088 exercebatur
2303 4073 2320 4099 ‚
2344 4036 2414 4089 is-

284 4115 354 4168 tri
370 4130 425 4170 et
442 4115 794 4189 Oudendorp.
814 4119 882 4171 al.
905 4135 1085 4187 magna
1102 4116 1307 4168 habeba·
1393 4134 1499 4187 que
1520 4134 1549 4168 a
1566 4116 1863 4171 vicinorum
1886 4114 2094 4185 injuriis
2114 4128 2260 4170 tutus
2282 4133 2419 4186 pra-.-

287 4207 382 4249 tur.
403 4198 565 4253 Recte
586 4201 773 4269 magni,
789 4211 850 4253 ut
866 4200 1036 4268 magni
1052 4200 1301 4261 aestimem,
1391 4196 1645 4251 nubatur.
