3111 5147
571 501 713 570 DE
765 497 1116 569 BELLO
1171 501 1674 571 GALLlco.
1730 503 1921 573 Lm.
1978 505 2108 575 v1.
2270 512 2415 595 241

279 649 479 706 m‘ate.
506 663 542 701 n
593 629 802 701 Simul
847 634 1033 725 signa
1069 633 1154 700 ad
1200 632 1460 702 hostem
1500 637 1800 703 converti
1849 639 2186 731 aciemque
2230 639 2423 735 dirigi

272 742 502 872 jubet:
542 753 611 809 et
651 740 878 833 paucis
923 741 1158 816 turmis
1202 739 1506 833 praesidio
1555 739 1639 808 ad
1695 739 2163 835 impedimenta
2201 744 2423 816 dimis-

285 851 378 918 sis
407 834 770 940 ⁶‚reliquos
799 847 1048 939 equites
1091 845 1174 914 ad
1208 844 1412 914 latera
1456 845 1765 940 disponit.
1814 847 2134 919 Celeriter
2161 855 2384 921 nostri
2404 906 2425 942 ,

287 953 580 1024 clamore
635 951 944 1039 sublato,
995 950 1176 1047 pila⁷
1234 953 1303 1019 in
1350 952 1574 1021 hostes
1631 942 2060 1023 immittunt&
2108 955 2260 1045 Illi,
2311 960 2426 1027 ubi

289 1076 531 1157 praeter
583 1084 769 1153 spem
791 1113 811 1146 ‚
853 1083 1019 1153 quos
1063 1058 1291 1153 fugere
1347 1059 1706 1128 credebant
1725 1112 1744 1147 ‚
1785 1059 2038 1130 infestis
2098 1012 2297 1156 signis
2341 1063 2425 1133 ad

291 1193 367 1237 se
408 1170 500 1235 ire
539 1166 888 1253 viderunt’,
917 1167 1237 1259 impetum
1282 1166 1482 1234 modo
1520 1165 1692 1234 ferre
1736 1190 1873 1235 non
1919 1182 2319 1261 potuerunt,
2347 1194 2426 1240 ac

293 1275 511 1370 primo
551 1297 882 1342 concursu
924 1274 991 1340 in
1037 1271 1261 1366 fugam
1293 1272 1614 1365 conjecti,
1659 1274 1992 1366 proximas
2037 1272 2231 1344 silvas
2263 1279 2426 1371 peti-

291 1395 574 1449 verunt:
613 1404 780 1473 quos
823 1379 1153 1447 Labienus
1195 1380 1491 1473 equitatu
1534 1393 1949 1448 consectatus
1969 1434 1988 1468 ‚
2027 1405 2272 1476 magno
2307 1408 2430 1451 nu-

291 1512 478 1556 mero
512 1485 862 1555 interfecto
885 1540 905 1573 ‚
948 1484 1399 1580 compluribus
1441 1487 1650 1580 captis
1673 1539 1693 1572 ‚
1737 1489 1964 1580 paucis
2005 1501 2157 1580 post
2198 1488 2429 1558 diebus

292 1596 624 1664 civitatem
665 1590 955 1687 recepit⁹
986 1618 1000 1659 :
1033 1617 1189 1660 nam
1228 1593 1584 1678 Germani,
1616 1593 1728 1685 qui
1764 1591 2005 1660 auxilio
2040 1594 2430 1683 veniebant,

292 1714 606 1796 percepta
635 1702 1060 1768 Trevirorum
1091 1698 1248 1793 fuga
1268 1753 1288 1786 ‚
1313 1722 1452 1767 sese
1480 1697 1752 1766 domum
1784 1697 2224 1768 contulerunt.
2256 1703 2431 1769 Cum

293 1810 376 1875 iis
418 1808 768 1902 propinqui
813 1805 1246 1875 Indutiomari
1270 1803 1341 1890 ¹⁰,
1378 1806 1488 1899 qui
1517 1803 1900 1873 defectionis
1944 1819 2248 1874 auctores
2289 1806 2430 1875 fue·

298 1927 455 1982 rant
478 1967 499 2000 ‚
545 1915 840 1982 comitati
896 1937 1008 1982 eos
1037 1965 1056 2001 ‚
1113 1937 1193 1980 ex
1249 1913 1513 1982 civitate
1574 1935 1927 1982 excessere.
1983 1912 2389 2007 Cingetorigi
2410 1966 2430 2000 ‚

295 2044 502 2115 quem
559 2021 646 2087 ab·
682 2021 870 2088 initio
924 2021 1361 2113 permansisse
1404 2020 1471 2085 in
1515 2016 1740 2086 officio
1794 2016 2390 2088 demonstravimus
2412 2071 2431 2105 ‚

297 2127 704 2222 principatus
746 2141 943 2221 atque
978 2127 1326 2219 imperium
1370 2138 1482 2192 est·
1514 2121 1845 2191 traditum.

412 2233 529 2300 IX.
573 2235 829 2319 Caesar,
874 2246 1222 2326 postquam
1255 2254 1335 2298 ex
1369 2231 1748 2324 Menapiis
1731 2252 1800 2297 ιιι
1833 2230 2141 2299 Treviros
2183 2230 2432 2320 venit¹,

295 2338 555 2407 duabus
610 2338 695 2407 de
747 2340 961 2406 causis
1015 2337 1325 2406 Rhenum
1367 2337 1647 2404 transire
1698 2336 2098 2404 constituit:
2150 2360 2433 2429 quarum

298 2460 440 2515 erat
495 2441 766 2531 altera²‚
823 2443 1002 2539 quod
1050 2442 1288 2511 auxilia
1336 2455 1571 2510 contra
1611 2466 1681 2509 se
1716 2427 2040 2510 Treviris³
2082 2444 2433 2532 mi'serant3

301 2633 478 2685 adme.
502 2632 572 2683 Et
599 2646 754 2701 grac.
787 2629 1044 2699 interpres
1072 2627 1245 2680 ἰκιῖνόν
1264 2646 1320 2678 τι

302 2707 472 2766 Md&
486 2713 734 2781 παριῖναι.

383 2797 437 2847 6.
469 2790 564 2844 Ad
589 2787 917 2860 impedimenta
941 2787 1159 2839 disnissis.
1185 2782 1319 2837 Cod.

301 2872 369 2924 R.
378 2871 530 2942 Angl.
545 2870 736 2930 refictis,
749 2880 934 2939 utsup.
940 2885 1041 2936 ‚7‚
1059 2863 1323 2937 quodma·

299 2950 396 3004 lim
408 2951 562 3022 ,quia
577 2949 851 3020 copiarum
869 2945 1010 2999 idem
1027 2958 1105 2997 est
1130 2957 1320 2997 motus.

384 3050 437 3101 7.
470 3031 607 3084 Pila.
638 3028 833 3092 Pilum,
861 3025 1026 3079 telum
1056 3024 1318 3095 peculiare

299 3110 573 3164 Romanis.
625 3107 800 3161 Hasta!
847 3104 1080 3159 breviori
1130 3121 1321 3175 parum

302 3190 569 3256 absimile,
594 3189 807 3241 brevius
824 3199 1000 3239 tamen
1017 3196 1070 3237 et
1085 3183 1323 3248 crassius,

299 3288 513 3324 necnon
564 3270 777 3322 hamato
833 3277 1089 3319 armatum
1139 3264 1279 3316 ferro
1300 3300 1318 3328 ,

299 3347 671 3422 quodquidem
699 3344 982 3419 pravalida
1002 3347 1198 3417 jactum
1221 3362 1327 3396 ma-

298 3448 382 3483 nu
398 3467 416 3495 ,
441 3429 684 3482 lethifera
716 3428 1027 3499 plerumque
1067 3425 1328 3476 inferebat

299 3508 546 3567 vulnera.
598 3508 770 3579 Hujus
828 3524 955 3560 vero
1017 3504 1325 3576 ampliorem

300 3587 464 3642 dedit
480 3586 884 3660 descriptionem
910 3585 1178 3656 Polybius.
1195 3581 1324 3635 vid.

299 3670 446 3723 Just.
476 3669 618 3740 Lips.
650 3667 719 3720 de
747 3665 934 3719 militia
975 3683 1107 3717 rom.
1148 3663 1185 3715 1.
1220 3680 1325 3727 111,

299 3747 430 3802 dial.
462 3756 516 3813 4.
549 3749 630 3800 De
659 3746 909 3799 Romanis
950 3744 1024 3797 ita
1061 3743 1153 3797 sil.
1206 3741 1323 3795 Ital.

297 3829 343 3882 l.
362 3846 470 3882 vm
492 3867 510 3895 ,
542 3846 596 3881 v.
633 3828 767 3898 374.

298 3934 414 3980 Non
426 3934 522 3979 illis
535 3932 723 3978 solitum
738 3932 938 3993 crispare
952 3927 1134 3975 hastilia
1147 3940 1311 3986 campo
1317 3958 1330 3980 ,

295 4015 406 4061 Nec
437 4029 542 4059 mos
569 4011 836 4073 pennigeris
867 4011 1131 4072 pharetram
1162 4006 1326 4067 imple-

426 4093 550 4139 visse
573 4092 780 4154 sagittiu

290 4170 408 4220 Pila
448 4172 641 4225 volunt,
679 4171 993 4233 brevibusque
1015 4165 1192 4216 habile·
1225 4178 1328 4210 mu-

430 4251 653 4300 cronibus
671 4265 828 4298 enses.-

413 4354 471 4420 J.

1410 2782 1647 2834 habebant
1659 2783 1966 2847 dianam-mn,-
1954 2784 2320 2857 quadrangula
2353 2788 2429 2839 al-

1411 2874 1513 2914 tem
1541 2874 1597 2914 et
1622 2862 1910 2915 usitatiora.
1935 2864 2085 2934 Virg.
2097 2864 2219 2917 AEn.
2236 2883 2274 2918 1.
2297 2867 2430 2937 3¹7·

1409 2947 1464 2993 Bi
1449 2963 1525 2993 ina
1545 2962 1686 2993 nanu
1708 2946 1803 2993 lato
1823 2947 2029 3007 crispus
2052 2949 2236 2995 hastilia
2259 2949 2399 3001 ferro.

1464 3037 1496 3088 8
1505 3076 1517 3087 .
1533 3035 1813 3087 Immiteunt.
1824 3035 1905 3087 Al.
1917 3039 2125 3089 ntittunt.
2136 3037 2217 3089 Al.
2217 3040 2428 3106 jaciunt.

1410 3114 1536 3168 Haec
1573 3114 1674 3167 tria
1698 3113 1841 3167 idem
1866 3116 2043 3168 valent
2069 3114 2134 3167 ad
2167 3133 2396 3171 sensum.

1493 3214 1545 3264 9.
1561 3195 1769 3265 Recepit.
1785 3194 1867 3246 Al.
1886 3198 2065 3266 recipit.
2082 3196 2259 3249 Minus
2273 3197 2431 3253 bene.

1498 3293 1586 3327 ιο.
1628 3275 1894 3347 Propinqui
1930 3275 2259 3328 Indutiomari.
2294 3276 2425 3329 Vid.

1411 3372 1554 3426 supr.
1588 3372 1633 3407 c.
1661 3373 1709 3406 π.
1748 3355 1826 3406 De
1857 3354 2193 3427 Cingetorige
2231 3354 2356 3409 vide
2389 3357 2426 3408 l.

1410 3453 1463 3501 v,
1504 3454 1550 3488 c.
1589 3436 1620 3487 3
1636 3472 1652 3499 ,
1689 3434 1779 3488 56.
1808 3435 1883 3486 Μ.

1490 3515 1619 3568 Ου’.
1657 3514 1754 3566 IX.
1812 3532 1857 3567 1.
1909 3514 1970 3566 In
2024 3516 2240 3568 Treviros
2275 3520 2427 3571 venit.

1412 3593 1571 3647 Redit
1595 3594 1827 3646 narratio
1854 3592 1921 3646 ad
1934 3593 2094 3647 finem
2122 3613 2236 3667 cap.
2265 3598 2318 3649 6.
2349 3595 2424 3649 M.

1496 3693 1547 3726 2.
1576 3674 1711 3724 Erat
1735 3673 1906 3725 altera.
1934 3674 2038 3726 Alii
2066 3675 2248 3746 legunt
2272 3693 2384 3727 una.

1497 3753 1546 3805 3.
1581 3751 1766 3803 Contra
1785 3771 1836 3802 se
1874 3753 2094 3805 Treviris.
2129 3755 2287 3807 Deest
2324 3773 2427 3807 vox

1418 3832 1649 3887 Germani
1662 3851 1683 3893 ‚·
1698 3830 1782 3883 vel
1793 3843 1933 3882 certe
1946 3830 2306 3886 subaudienda
2331 3847 2425 3888 est.

1413 3913 1528 3966 Nisi
1544 3949 1561 3977 ,
1587 3911 1779 3982 quinia
1805 3911 2001 3964 Suevos
2016 3912 2279 3984 praecipue
2301 3933 2427 3985 pro-

1412 3991 1758 4057 ficiscebatur,
1769 3991 1944 4061 potius
1964 3991 2036 4043 ita
2049 3992 2327 4063 legendum
2343 3995 2429 4061 sit,

1416 4072 1546 4147 quod
1572 4071 1756 4122 auxilia
1789 4083 1955 4123 contr-a
1982 4091 2032 4122 se
2057 4071 2200 4124 Saevi
2223 4074 2429 4126 Treviris

1415 4157 1652 4204 miserant.
1672 4148 1775 4203 Sed
1790 4152 2028 4223 superior
2038 4153 2202 4224 magis
2214 4153 2427 4209 arridet.

1414 4232 1753 4291 ltaflotman.
1770 4233 1850 4286 Re
1872 4250 1994 4286 vera
2009 4268 2026 4299 ,
2055 4232 2276 4306 interpr.
2296 4252 2425 4306 grn-

2014 4335 2106 4409 16
