3111 5147
1890 323 1897 354 J

387 541 394 544 ’
500 540 644 610 DE
695 539 1068 608 BELLo
1119 541 1647 612 GALLICo.
1704 544 1902 612 Lm
1961 547 2044 613 v.
2227 572 2372 644 αν]

240 672 681 766 cominusque
718 695 859 739 rem
894 674 1061 765 gerit
1091 675 1429 758 VarenuS‚
1465 688 1663 768 atque
1705 699 1843 744 uno
1866 676 2214 747 interfecto
2231 731 2250 764 ‚
2278 705 2379 747 re·

237 777 460 873 liquos
505 777 777 872 paulum
813 777 1161 872 propellit:
1207 778 1367 846 dum
1412 781 1716 873 cupidius
1758 783 1957 851 instat
1980 837 2001 870 ‚
2048 785 2113 851 in
2160 783 2379 854 locum

240 886 542 979 dejectus
568 884 945 954 inferiorem
977 884 1283 953 concidit.
1317 888 1489 953 Huic
1517 912 1746 955 rursus
1773 891 2225 984 circumvento
2253 892 2381 959 fert

242 992 610 1062 subsidium
631 989 880 1078 Punic,
905 1006 1102 1085 atque
1134 991 1333 1060 ambo
1370 991 1767 1081 incolumes,
1797 993 2245 1089 compluribus
2283 1000 2379 1064 in·

241 1098 580 1185 terfectiS‚
621 1122 878 1166 summa
933 1122 1086 1167 cum
1131 1096 1322 1167 laude
1373 1122 1514 1167 sese
1561 1101 1733 1168 intra
1777 1104 2172 1171 munitiones
2217 1106 2381 1172 reci-

246 1206 457 1300 piunt.
499 1206 609 1273 Sic
652 1203 921 1274 fortuna
962 1206 1032 1272 in
1068 1206 1489 1273 contentione
1525 1220 1594 1273 et
1630 1209 1985 1275 certamine
2026 1223 2382 1303 utrumque

245 1296 599 1379 versavit¹³
604 1362 625 1397 ,
660 1325 736 1378 ut
759 1308 928 1378 alter
963 1309 1206 1379 alteri
1189 1312 1490 1380 mimicus
1532 1311 1775 1380 auxilio
1820 1312 2141 1408 salutique
2180 1330 2383 1404 esset,

248 1442 462 1512 neque
498 1416 843 1511 dijudicari
878 1431 1140 1511 posset,
1176 1431 1325 1485 uter
1354 1419 1485 1486 utri
1514 1420 1759 1487 virtute
1795 1419 2257 1491 anteferendus
2284 1423 2380 1490 vi·

247 1524 530 1594 deretur.

331 1632 564 1700 XLV.
612 1631 886 1719 Quanto
921 1643 1064 1700 erat
1106 1632 1174 1699 in
1214 1631 1352 1699 dies
1393 1632 1660 1725 gravior
1694 1644 1890 1727 atque
1930 1635 2225 1728 asperior
2260 1659 2379 1729 op-

250 1738 569 1833 pugnatio
589 1790 609 1824 ,
639 1753 707 1806 et
735 1740 1020 1807 maxime
1046 1736 1227 1831 quod
1245 1792 1265 1824 ‚
1286 1761 1529 1831 magna
1557 1752 1744 1832 parte
1771 1737 2052 1808 militum
2078 1739 2383 1809 confecta

249 1841 632 1912 vulneribus
658 1897 677 1932 ,
723 1869 828 1913 res
882 1843 966 1913 ad
1016 1846 1415 1938 paucitatem
1471 1843 1893 1914 defensorum
1944 1860 2337 1939 pervenerat
2361 1901 2382 1935 ,

256 1963 442 2018 tanto
457 1950 821 2021 crebriores
842 1949 1074 2020 litterae
1093 1952 1447 2044 nunciique
1469 1949 1553 2018 ad
1575 1953 1902 2021 Caesarem
1919 1952 2381 2021 mittebantur:

256 2079 539 2149 quorum
581 2081 732 2150 pars
764 2055 1173 2151 deprehensa
1205 2059 1272 2124 in
1302 2070 1664 2149 conspectu
1694 2072 2073 2126 nostrorum
2103 2057 2384 2128 militum

254 2185 412 2231 cum
463 2165 756 2232 cruciatu
799 2163 1177 2232 necabatur.
1228 2166 1393 2232 Erat
1431 2187 1607 2231 unus
1634 2161 1649 2185 ¹
1692 2164 1869 2232 intus
1911 2167 2227 2252 Nervius,
2261 2190 2382 2234 no·

254 2269 433 2337 mine
458 2271 726 2339 Vertico
745 2323 765 2356 ‚
809 2267 957 2339 loco
993 2283 1186 2338 natus
1217 2269 1531 2355 honesto,
1558 2270 1671 2362 qui
1713 2293 1753 2338 a
1787 2271 2003 2363 prima
2044 2270 2385 2341 obsidione

255 2373 340 2443 ad
387 2376 777 2445 Ciceronem
822 2375 1234 2470 perfugerat,
1279 2399 1597 2469 suamque
1640 2375 1701 2443 ei
1744 2374 1942 2445 fidem
1970 2379 2379 2471 praestiterat.

253 2481 374 2551 Hic
412 2505 607 2551 servo
629 2478 650 2505 ²
697 2506 815 2578 spe
859 2480 1176 2552 libertatis
1231 2483 1618 2578 magnisque
1670 2482 2023 2577 persuadet
2063 2485 2382 2579 praemiis,

255 2602 324 2656 ut
365 2587 617 2658 litteras
654 2588 738 2657 ad
769 2592 1100 2659 Caesarem
1137 2590 1409 2659 deferat.
1443 2592 1582 2657 Has
1610 2586 1717 2657 ille
1749 2591 1817 2657 in
1845 2589 2070 2683 jaculo
2104 2588 2384 2686 illigatas

254 2694 443 2764 effert
469 2748 489 2785 ‚
542 2710 611 2764 et
663 2694 894 2765 Gallus
950 2699 1121 2765 inter
1165 2694 1392 2765 Gallos
1447 2697 1585 2765 sine
1636 2693 1770 2765 ulla
1822 2698 2193 2791 suspicione
2237 2723 2383 2765 ver-

254 2816 464 2890 satus,
501 2801 587 2871 ad
614 2804 943 2872 Caesarem
976 2804 1295 2896 pervenit.
1325 2801 1431 2871 Ab
1466 2826 1545 2871 eo
1575 2800 1657 2870 de
1700 2802 2007 2896 periculis
2044 2806 2385 2874 Ciceronis

252 2904 653 3003 legionistpe
695 2911 1137 3003 cognoscitur.
1948 2929 1955 2935 ·

353 3015 601 3084 XLVI.
659 3017 924 3103 Caesar‚
963 3016 1250 3109 acceptis
1304 3012 1534 3083 litteris
1583 3012 1753 3081 hora
1803 3014 2063 3080 circiter
2114 3014 2381 3083 undeci-

253 3118 393 3188 ma¹
425 3120 591 3209 diei,
626 3122 846 3190 statim
899 3122 1217 3189 nuncium
1261 3122 1328 3188 in
1372 3117 1755 3188 Bellovacos
1799 3117 1884 3186 ad
1926 3120 2020 3186 M.
2068 3120 2382 3188 Crassum

253 3241 646 3320 quaestorem
707 3229 910 3295 mittit
938 3281 958 3314 ‚
1011 3228 1199 3320 cujus
1254 3226 1533 3294 hiberna
1597 3224 1872 3321 aberant
1925 3224 2011 3293 ab
2047 3247 2127 3292 eo
2178 3223 2382 3293 millia

256 3332 568 3426 passuum
605 3336 824 3403 XXV.
872 3337 908 3401 J
912 3333 1071 3403 ubet
1112 3332 1329 3402 media
1373 3346 1570 3401 nocte
1595 3318 1918 3426 legionem
1973 3330 2302 3427 proficisci
2324 3329 2381 3419 ²,

1360 3533 1580 3586 Vertico
1595 3551 1706 3587 non
1719 3544 1833 3586 erat
1843 3549 2040 3585 servus.
2056 3528 2189 3585 cod.
2209 3530 2382 3600 5764,

1361 3613 1437 3665 lu’c
1464 3632 1614 3666 servo-

249 3546 464 3604 gustum
479 3536 674 3590 Nonio.
692 3536 898 3588 Probus
913 3535 1100 3606 Virgil.
1115 3534 1276 3588 inter·

253 3632 380 3685 pres
401 3614 611 3667 άοίωαι
634 3616 880 3686 exponit·
895 3617 1077 3686 Veget.
1086 3617 1274 3682 fert-mu

256 3695 546 3765 triangulum
571 3700 820 3747 unciarum
845 3698 1077 3765 quinque,
1095 3706 1144 3745 ee
1168 3695 1277 3745 bas-

257 3774 338 3825 tile
359 3786 408 3824 tr
380 3775 690 3845 riumpedum
722 3787 811 3825 est
811 3778 941 3827 emis.

337 3871 358 3905 1
373 3855 426 3907 3.
448 3854 712 3927 Utrumque
725 3857 953 3907 versavit.
972 3852 1140 3906 Modo
1156 3854 1275 3919 hac,

252 3931 412 3985 modo
435 3934 529 3986 illa
556 3947 698 3987 sorte
717 3954 813 4005 per
839 3937 968 3985 vices
997 3938 1070 3986 uta·
1099 3936 1274 3986 voluit.

329 4013 460 4065 Cu.
493 4013 664 4066 XLV.
714 4032 761 4067 ι.
807 4014 942 4067 Erat
983 4031 1119 4065 unus.
1170 4013 1276 4066 Pro

253 4091 461 4165 quidam.
491 4091 608 4157 Sic,
631 4093 668 4145 l.
702 4111 840 4159 n,c.
867 4092 957 4145 25.

336 4191 388 4224 a.
420 4173 525 4224 Hic
562 4192 710 4225 servo.
758 4169 993 4225 Subaudi
1030 4190 1132 4223 suo.
1171 4170 1276 4223 Alii

252 4250 408 4321 qu'us.
419 4252 682 4308 Nonnulli
697 4253 810 4305 lauic
826 4273 976 4321 serm,
987 4251 1141 4319 male3
1153 4269 1276 4305 nam

1440 3692 1570 3744 Car.
1604 3691 1800 3744 XLVI.
1835 3709 1883 3744 1.
1914 3689 2060 3742 Hora
2087 3692 2276 3742 nimiter
2292 3709 2382 3740 un-

1360 3772 1560 3823 decima.
1595 3770 1797 3835 Quint·
1828 3768 2209 3841 pomeridiana.

1449 3870 1498 3902 2.
1523 3851 1776 3919 legionen·
1802 3847 2061 3919 proficisci.
2084 3848 2209 3901 scil.
2227 3847 2386 3918 legio·

1359 3949 1485 3985 nem
1515 3929 1604 3983 cui
1632 3940 1855 4000 preerat
1874 3946 2035 3993 3nam
2063 3946 2093 3980 e
2122 3927 2383 3981 tribusle·

1360 4009 1607 4082 gionibus
1622 4046 1637 4073 ,
1662 4026 1792 4079 quas
1811 4006 1868 4059 in
1893 4007 2073 4078 Belgio
2099 4008 2383 4061 constitue-

1362 4102 1447 4143 rat
1456 4090 1656 4153 Caesar,
1679 4084 1799 4141 dum
1813 4086 1926 4141 alia
1951 4087 2050 4139 sub
2071 4086 2299 4159 imperio
2320 4087 2382 4141 L.

1364 4167 1592 4221 Munatii
1604 4167 1803 4233 Planci,
1813 4179 1865 4220 et
1879 4166 1941 4220 C.
1953 4166 2205 4220 Trebonii
2217 4179 2382 4222 erant.

1364 4246 1493 4303 vid.
1528 4267 1576 4303 c.
1622 4254 1715 4314 ²4·
1746 4249 1991 4304 Attamen
2029 4247 2168 4302 infra
2197 4267 2243 4303 c.
2276 4254 2386 4317 47.
