3111 5147
709 500 848 576 152
1016 501 1428 572 C JUL11
1483 498 1950 568 QAESARIS
2004 495 2545 565 COMMENT.

697 637 833 705 fere
886 633 1092 706 Gallis
1142 648 1334 703 erant
1368 632 1719 749 incognita.
1773 630 2007 723 Neque
2061 628 2235 695 enim
2298 640 2544 695 temere
2586 641 2825 720 praeter

694 756 1094 818 mercatores
1132 725 1279 810 illo⁵
1310 738 1469 808 adiit
1501 739 1881 832 quisquam,
1902 758 2115 827 neque
2147 735 2222 801 iis
2259 732 2416 828 ipsis
2431 730 2821 826 quidquam,

693 862 934 943 praeter
988 873 1176 918 oram
1229 846 1658 930 maritimam,
1697 855 1895 935 atque
1950 864 2061 909 eas
2122 841 2454 968 regiones,
2483 862 2632 932 quae
2671 851 2827 907 sunt

693 969 928 1023 contra
959 952 1240 1039 Gallias,
1263 965 1496 1021 notum
1519 963 1635 1018 est.
1668 950 1938 1041 Itaque,
1961 930 2284 1015 evocatis⁶
2313 944 2398 1013 ad
2432 968 2503 1013 se
2530 942 2822 1038 undique

690 1060 1166 1129 mercatoribus
1180 1082 1426 1152 ,neque
1449 1069 1699 1150 quanta
1720 1068 1889 1123 esset
1916 1050 2141 1121 insulae
2165 1049 2583 1147 magnitude,
2609 1075 2823 1144 neque

691 1191 839 1258 quae
890 1179 1008 1233 aut
1053 1178 1316 1259 quantae
1368 1163 1666 1232 nationes
1702 1158 2099 1246 incolerent,
2122 1182 2336 1251 neque
2376 1181 2576 1252 quem
2627 1180 2824 1225 usum

689 1269 844 1342 belli
889 1270 1245 1358 baberent,
1268 1284 1386 1339 aut
1424 1267 1664 1363 quibus
1702 1266 2009 1335 institutis
2047 1277 2425 1350 uterentur,
2459 1287 2674 1356 neque
2709 1264 2824 1357 qui

689 1390 909 1446 essent
948 1376 1034 1445 ad
1086 1377 1412 1470 majorum
1465 1375 1736 1444 navium
1783 1370 2269 1442 multitudinem
2302 1368 2519 1438 idonei
2552 1383 2786 1464 portus
2801 1422 2823 1457 ,

687 1483 979 1577 reperire
1006 1497 1283 1577 poterat.
1371 1539 1378 1546 .

797 1590 985 1656 XXI.
1022 1588 1127 1657 Ad
1166 1589 1307 1659 haec
1347 1586 1838 1683 cognoscenda,
1869 1584 2052 1681 prius
2080 1608 2281 1678 quam
2318 1582 2683 1679 periculum
2724 1582 2822 1652 fa-

691 1709 873 1763 ceret
890 1747 910 1781 ,
936 1693 1247 1764 idoneum
1280 1719 1420 1764 esse
1454 1693 1843 1781 arbitratuS,
1878 1695 1954 1761 C.
1982 1688 2393 1761 Volusenum
2411 1688 2428 1713 ¹
2473 1714 2628 1758 cum
2669 1690 2825 1758 navi

689 1796 892 1895 longa
943 1801 1297 1895 praemittit.
1353 1801 1528 1868 Huic
1590 1799 1895 1886 mandat,
1927 1799 2025 1865 uti
2046 1851 2068 1886 ,
2108 1794 2459 1891 exploratis
2514 1796 2825 1866 omnibus

688 1905 922 1991 rebuS,
945 1904 1031 1973 ad
1060 1931 1130 1975 se
1159 1929 1358 1999 quam
1389 1906 1680 2000 primum
1714 1917 2122 1974 revertatur:
2155 1904 2292 1998 ipse
2323 1928 2478 1972 cum
2515 1902 2826 1972 omnibus

689 2012 895 2105 copiis
924 2011 991 2078 in
1021 2012 1321 2081 Morinos
1354 2011 1815 2106 proficiscitur,
1834 2009 2015 2105 quod
2052 2009 2205 2078 inde
2234 2023 2376 2078 erat
2402 2008 2827 2078 brevissimus

690 2116 758 2183 in
813 2118 1218 2186 Britanniam
1274 2116 1645 2212 trajectus².
1697 2121 1849 2187 Huc
1898 2140 2100 2186 naves
2145 2115 2435 2210 undique
2493 2140 2574 2184 ex
2624 2114 2826 2183 finiti·

690 2222 815 2290 mis
867 2248 937 2292 re
986 2223 1274 2311 ionibuS,
1320 2239 1387 2293 et
1409 2248 1610 2319 quam
1662 2225 1997 2319 superiore
2049 2236 2270 2292 aestate
2314 2220 2399 2289 ad
2427 2220 2826 2290 Veneticum

691 2326 936 2398 bellum
1006 2330 1283 2419 fecerat,
1305 2329 1578 2400 classem
1609 2330 1800 2422 jubet
1818 2331 2190 2400 convenire.
2220 2327 2529 2416 Interim,
2551 2324 2825 2399 consilio

688 2435 832 2527 ejus
871 2437 1173 2529 cognit0,
1212 2450 1282 2503 et
1323 2460 1442 2530 per
1491 2450 1890 2506 mercatores
1937 2433 2191 2531 perlato
2241 2433 2327 2502 ad
2375 2436 2756 2519 BritannoS,
2781 2458 2829 2503 a

691 2540 1142 2658 compluribus
1174 2541 1313 2634 ejus
1343 2539 1570 2610 insulae
1600 2542 1967 2613 civitatibus
2006 2540 2090 2611 ad
2118 2565 2270 2610 eum
2301 2537 2497 2659 legati
2516 2540 2827 2629 veniunt,

691 2648 803 2738 qui
852 2645 1285 2740 polliceantur
1329 2647 1587 2718 obsides
1626 2634 1820 2717 dare⁴
1823 2663 2070 2743 ‚atque
2124 2649 2398 2741 imperio
2445 2644 2672 2741 populi
2709 2671 2825 2716 ro·

775 2855 830 2908 5.
861 2856 958 2910 Illo
986 2856 1125 2909 adiit.
1151 2856 1288 2909 banc
1318 2856 1602 2909 lectionem
1634 2875 1717 2909 re·

691 2935 875 2987 vocavi
899 2954 960 2988 ex
982 2948 1165 2988 nostro
1184 2934 1303 2990 cod.
1327 2938 1395 2988 R.
1429 2936 1598 3007 5763.
1628 2938 1712 2990 Al.

691 3014 799 3065 illos
829 3014 951 3068 adit.
980 3048 1062 3059 —-
1091 3016 1302 3069 Gallias.
1333 3017 1415 3069 Ita
1445 3014 1567 3069 cod.
1594 3035 1711 3088 sup.

691 3093 780 3146 cit.
812 3094 986 3148 habet.
1018 3095 1125 3148 Alii
1159 3094 1391 3150 Gallim.

773 3177 828 3227 6.
856 3176 1104 3228 Evocatis.
1127 3175 1231 3228 Alii
1257 3178 1539 3228 convocatis.
1574 3173 1711 3228 Cod.

690 3270 801 3323 reg.
826 3254 976 3323 5764
997 3258 1219 3308 evocatis.
1239 3255 1396 3307 Prior
1422 3254 1574 3324 5763
1594 3254 1716 3306 sim·

687 3332 901 3402 pliciter
921 3337 1134 3396 vocatis,
1167 3331 1313 3405 quod
1342 3333 1685 3404 praetulerim.

773 3412 903 3464 Cu.
917 3412 1067 3464 XXI.
1091 3431 1111 3464 1
1125 3454 1137 3465 .
1161 3412 1221 3465 C.
1240 3412 1548 3465 Volusenum.
1566 3411 1710 3466 Suet.

688 3489 748 3542 in
776 3490 907 3543 Caes.
933 3510 981 3544 c.
1014 3492 1085 3547 58
1116 3511 1129 3545 ε
1154 3511 1301 3565 neque
1326 3495 1376 3542 in
1404 3491 1714 3545 Britanniam

690 3573 1133 3637 nummeavieffle'si
1155 3584 1267 3623 ante
1280 3590 1371 3642 per
1392 3584 1620 3641 sopor-tus
1633 3608 1651 3636 ,
1666 3584 1718 3623 et

688 3653 1066 3722 utlagationem,
1087 3664 1137 3702 et
1159 3670 1391 3703 act-essm
1417 3651 1487 3704 ad
1509 3652 1713 3704 basulam

687 3730 996 3799 explora-net.
1024 3731 1206 3785 Celsus
1229 3732 1387 3784 etiam
1403 3769 1421 3796 ‚
1443 3732 1564 3784 Ioco
1587 3730 1713 3784 Suc-

688 3809 824 3864 tonii
844 3823 1038 3874 motus,
1040 3830 1136 3881 per
1144 3830 1195 3864 se
1208 3815 1358 3883 ipsum
1374 3811 1612 3864 Coesaoem
1624 3832 1709 3864 w-

682 3888 898 3957 plorasse
908 3902 1142 3945 testatur.
1153 3893 1222 3944 At
1229 3891 1284 3944 h.
1298 3892 1337 3945 l.
1348 3889 1458 3944 duo
1469 3903 1593 3945 sunt
1604 3892 1712 3944 ani-

688 3967 1081 4024 madvertenda.
1110 3972 1349 4024 Primum
1363 4010 1380 4038 ,
1392 3973 1562 4042 major
1575 3969 1709 4023 fides

688 4045 930 4102 habenda
953 4051 1177 4117 Casas-i,
1211 4051 1305 4123 qui
1328 4052 1440 4123 ipse
1466 4069 1586 4104 suas
1624 4068 1709 4104 res

687 4139 853 4194 gestas
887 4130 1095 4201 scripsit
1108 4169 1125 4195 ,
1149 4150 1308 4203 quam
1346 4130 1603 4185 Suetonio
1638 4128 1708 4182 ad

687 4222 850 4275 quem
874 4208 1011 4264 fama
1033 4221 1240 4265 tantum
1253 4208 1544 4276 dunila-au
1561 4208 1710 4263 dein-

1800 2855 1901 2923 de,
1914 2856 2162 2909 omnibus
2184 2867 2405 2922 notum,
2426 2854 2731 2927 imperatori
2758 2874 2823 2909 ea

1800 2937 1966 2989 tribui
2007 2954 2124 3007 qua
2151 2954 2247 3007 per
2280 2935 2478 3006 legatos
2521 2947 2821 3007 patrantur.

1798 3016 2007 3082 Quibus
2042 3014 2111 3068 de
2146 3014 2343 3079 causis,
2381 3013 2599 3067 minime
2629 3013 2824 3067 sollici·

1799 3093 1958 3148 tanda
1985 3095 2194 3148 lectio·
2179 3113 2235 3146 m
2273 3107 2501 3166 utroque
2533 3094 2821 3166 scriptore,

1797 3186 1860 3227 ut
1877 3174 2122 3227 nonnulli
2148 3185 2500 3226 tentaverunt.

1883 3273 1936 3307 2.
1964 3254 2275 3307 Boevisu'mus
2301 3256 2351 3304 ἰη
2384 3254 2683 3306 Britanniam
2712 3265 2819 3304 tm·

1787 3337 1961 3405 jocum
1999 3334 2345 3387 Brevissimus
2386 3333 2442 3385 in
2491 3332 2818 3386 Britanniam

1797 3410 2043 3484 mj‘ectus
2064 3425 2143 3466 est
2168 3412 2281 3466 sine
2306 3410 2474 3466 dubio
2498 3412 2633 3465 inter
2653 3411 2820 3465 urbes

1796 3491 1962 3545 dictas
1981 3491 2150 3545 Calais
2168 3506 2225 3545 et
2243 3492 2560 3545 Ambletewe.
2574 3491 2705 3544 Infr.
2725 3492 2819 3547 23.

1864 3574 1918 3626 3.
1933 3571 2027 3626 Ad
2038 3571 2314 3624 Veneticum
2330 3569 2649 3624 bellumvid.
2665 3590 2815 3644 supr.

1795 3653 1834 3706 l.
1877 3650 1992 3716 111,
2017 3671 2070 3720 9.
2104 3649 2276 3705 codd.
2317 3649 2485 3704 nostri
2517 3650 2819 3704 Veneticum.

1795 3732 1879 3785 Al.
1910 3733 1968 3784 V
1960 3743 2160 3785 caetum.

1876 3817 1932 3875 4.
1968 3811 2174 3864 Obsides
2193 3811 2326 3863 dare,
2344 3808 2468 3863 sen.
2488 3827 2544 3861 se
2567 3806 2813 3863 domos:

1794 3903 1849 3945 et
1871 3891 2009 3945 infru
2022 3929 2039 3957 ,
2062 3890 2392 3961 obtemperare,
2409 3908 2464 3942 se
2486 3890 2819 3960 obtempera·

1793 3984 1959 4025 turos.
1988 3969 2076 4024 Sic
2095 3971 2310 4024 Terent.
2338 3969 2556 4021 Phorm.
2575 3980 2674 4022 act.
2700 3968 2818 4033 111,

1793 4070 1865 4105 sc.
1895 4069 1972 4116 u,
1998 4054 2093 4115 46.
2124 4049 2250 4103 Cras
2275 4068 2411 4100 mane
2433 4048 2817 4118 argentus-mihi

1792 4128 1925 4184 utiles
1952 4132 2072 4184 dare
2089 4150 2142 4182 se
2165 4131 2309 4183 dixit.
2336 4127 2425 4183 Sic
2453 4146 2613 4199 supra
2636 4127 2817 4182 Casu·

1789 4209 1828 4263 1.
1849 4211 1934 4277 11,
1954 4212 2022 4267 32
2042 4209 2402 4275 ,otiati-nvn,
2425 4214 2597 4273 143et
2619 4206 2819 4276 Sulpit.
