3111 5147
542 527 689 598 DE
749 526 1086 595 BELLo
1152 526 1645 597 GALLlco.
1702 530 1890 599 Lm.
1945 533 2045 602 ιι.
2263 563 2355 636 77

160 748 165 753 Ι
214 673 470 729 nemas
527 658 738 729 fossas
791 656 1059 728 castella
1107 659 1444 728 constituit
1462 711 1482 746 ,
1518 659 1737 754 ibique
1789 676 2119 734 tormenta
2160 664 2359 740 collo·

215 766 393 836 cavit
413 818 439 854 ,
469 790 559 834 ne
578 819 598 854 ,
627 778 831 860 quum
875 767 1084 835 aciem
1125 766 1571 853 instruxisset,
1604 767 1826 837 hostes
1846 822 1866 856 ‚
1891 770 2068 863 quod
2103 786 2360 845 tantum

218 870 651 942 multitudine
710 885 1058 966 poterant,
1091 871 1175 940 ab
1229 869 1539 941 lateribus
1592 889 1960 967 pugnantes
2020 902 2173 947 suos
2213 883 2357 951 ·cir-

220 980 613 1048 cumvenire
677 992 962 1073 possent.
1026 980 1174 1047 Hoc
1230 977 1440 1066 facto,
1469 978 1726 1048 duabus
1768 978 2168 1099 legionibus,
2196 1011 2358 1080 quas

222 1086 531 1177 proxime
573 1069 1119 1180 conscripseratffi
1136 1085 1204 1151 in
1233 1085 1461 1153 castris
1483 1083 1759 1171 relictis,
1782 1101 1891 1173 ut,
1914 1088 1966 1155 si
1989 1112 2119 1182 qua
2147 1116 2316 1186 opus
2331 1091 2359 1131 ⁹

228 1205 433 1277 esset,
460 1189 755 1259 subsidio
789 1189 943 1260 duci
963 1205 1264 1308 possent,
1295 1189 1574 1285 reliquas
1608 1215 1722 1259 sex
1750 1189 2037 1312 legiones
2066 1220 2190 1289 pro
2218 1222 2358 1268 cas-

228 1297 342 1364 tris
378 1298 451 1365 in
495 1298 641 1366 acie
683 1297 1039 1365 constituit.
1084 1298 1323 1366 Hostes
1366 1297 1523 1366 item
1563 1320 1713 1366 suas
1755 1301 1978 1394 copias
2015 1325 2096 1369 ex
2132 1306 2359 1374 castris

232 1401 498 1472 eductas
544 1402 1005 1472 instruxerant.

331 1511 449 1578 IX.
476 1507 679 1577 Palus
712 1522 855 1578 erat
888 1532 1023 1577 non
1050 1531 1290 1626 magna
1316 1510 1488 1579 inter
1517 1523 1818 1579 nostrum
1845 1526 2042 1607 atque
2071 1445 2358 1587 bostium

237 1617 611 1684 exercitum.
637 1617 827 1683 Hanc
869 1615 924 1682 si
953 1615 1161 1684 nostri
1182 1617 1573 1703 transirent,
1595 1617 1818 1685 hostes
1849 1622 2356 1739 exspectabant:

237 1722 435 1789 nostri
478 1736 740 1808 autem,
776 1722 831 1789 si
869 1720 954 1787 ab
995 1718 1118 1788 illis
1160 1719 1415 1790 initium
1460 1723 1842 1791 transeundi
1883 1724 2105 1814 fieret,
2142 1742 2218 1795 ut
2248 1729 2361 1797 im-

239 1825 491 1919 peditos
532 1825 1069 1945 aggrederentur,
1097 1828 1309 1943 parati
1332 1828 1401 1895 in
1422 1829 1624 1897 armis
1658 1844 1861 1897 erant.
1888 1832 2160 1901 Interim
2191 1858 2356 1927 prae·

237 1929 332 1999 lio
392 1934 666 2027 equestri
725 1934 897 2001 inter
947 1931 1111 2000 duas
1152 1933 1324 2001 acies
1377 1934 1916 2005 contendebatur.
1964 1938 2099 2006 Ubi
2143 1942 2359 2009 neutri

242 2038 617 2107 transeundi
672 2039 931 2107 initium
994 2038 1281 2125 faciunt,
1312 2040 1730 2110 secundiore
1755 2042 2090 2136 equitum¹
2134 2044 2359 2140 praelio

196 2161 201 2165 ’
241 2145 500 2233 nostris,
524 2148 747 2215 Caesar
783 2169 938 2213 suos
976 2144 1045 2212 in
1087 2157 1303 2213 castra
1342 2143 1616 2214 reduxit.
1662 2149 1900 2216 Hostes
1937 2151 2238 2243 protinus
2279 2176 2361 2221 ex

247 2274 329 2318 eo
367 2249 506 2321 loco
550 2251 636 2319 ad
674 2251 925 2319 flumen
960 2251 1261 2318 Axonam
1298 2250 1810 2340 contenderunt,
1832 2254 2011 2348 quod
2039 2279 2181 2325 esse
2211 2273 2362 2352 post

244 2371 459 2426 nostra
501 2371 721 2427 castra
761 2355 1283 2425 demonstratum
1326 2371 1424 2425 est
1448 2354 1488 2422 ².
1520 2356 1625 2425 Ibi
1655 2358 1837 2427 vadis
1870 2363 2146 2453 repertis
2163 2415 2182 2449 ,
2219 2388 2361 2457 par·

241 2476 369 2532 tem
410 2486 685 2534 suarum
727 2463 1065 2557 copiarum
1101 2460 1523 2532 transducere
1560 2466 1778 2532 conati
1812 2481 2004 2553 sunt;
2037 2491 2116 2535 eo
2148 2471 2358 2538 co'nsi·

242 2565 323 2638 lio
342 2623 363 2658 ,
392 2586 469 2640 ut
488 2624 509 2660 ,
540 2570 596 2640 si
638 2585 939 2664 possent,
967 2566 1300 2638 castellum
1318 2622 1338 2656 ,
1365 2570 1471 2638 cui
1513 2585 1792 2663 praeerat
1821 2572 1904 2661 Q.
1924 2573 2211 2643 Titurius
2234 2579 2360 2645 Le·

242 2690 422 2769 gatus
442 2730 465 2764 ,
494 2689 986 2771 expugnarent,
1028 2688 1431 2769 pontemque
1472 2676 2044 2767 interscinderent3
2068 2682 2361 2754 siminus
2413 2682 2417 2686 ’

237 2784 632 2876 potuissent,
652 2806 844 2876 agros
865 2784 1227 2850 Remorum
1252 2778 1532 2876 populai
1532 2797 1747 2870 entur,
1763 2787 1875 2878 qui
1901 2810 2143 2880 magno
2173 2789 2362 2859 nobis

240 2892 376 2958 usui
424 2889 513 2958 ad
568 2887 816 2958 bellum
873 2888 1233 2982 gerendum
1287 2903 1514 2976 erant,
1549 2905 2055 3043 commeatuque
2102 2911 2363 2965 nostros

238 2980 737 3088 prohiberent.

336 3104 422 3170 X.
457 3098 750 3187 Caesar',
778 3099 1017 3172 certior
1046 3099 1257 3169 factus
1285 3099 1369 3167 ab
1391 3100 1678 3189 Titurio,
1707 3126 1971 3170 omnem
2000 3106 2361 3198 equitatum

241 3219 303 3274 et
320 3204 486 3276 levis
507 3220 858 3275 armaturae
882 3206 1231 3292 Numidas,
1254 3205 1615 3276 funditores
1633 3261 1652 3295 ,
1673 3209 2167 3304 sagittariosque
2195 3237 2360 3306 pon-

244 3324 367 3381 tem
408 3312 706 3382 traducit
756 3326 950 3405 atque
993 3311 1076 3381 ad
1120 3336 1232 3380 eos
1275 3311 1631 3381 contendit.
1674 3314 1930 3382 Acriter
1964 3316 2029 3382 in
2085 3341 2164 3385 eo
2213 3316 2360 3389 loco

242 3435 610 3514 pugnatum
632 3432 749 3487 est.
774 3421 1012 3487 Hostes
1033 3417 1378 3514 impeditos
1400 3421 1609 3488 nostri
1630 3420 1696 3488 in
1717 3419 1984 3490 flumine
2009 3427 2299 3518 aggressi
2317 3423 2364 3514 ²,

238 3661 245 3666 ·
315 3630 351 3683 8
383 3629 759 3703 Conscripsemt.
793 3628 921 3683 vid.
953 3649 1067 3703 sup.
1095 3649 1142 3685 c.
1176 3650 1228 3683 ω.

320 3728 374 3779 9.
405 3710 469 3763 Sa·
497 3730 592 3782 qna
623 3730 755 3782 opvs.
786 3709 928 3776 Alii,
950 3711 1158 3783 siquid,
1178 3710 1263 3763 vel

1347 3628 1468 3683 edd.
1502 3643 1554 3683 et
1597 3631 1817 3702 interpr.
1851 3651 2002 3704 graec.
2044 3640 2143 3685 τῶν
2192 3636 2362 3690 lutm-

1348 3705 1493 3763 διίων
1520 3712 1821 3764 ἀποκολύιιν.
1834 3712 2011 3784 'Vulgo
2035 3724 2360 3786 commeatusq.

243 3790 286 3839 εἰ
304 3807 414 3858 quo.
433 3788 533 3843 Gr.
560 3791 782 3862 interpr.
803 3791 843 3841 tc
871 3809 919 3841 τι
939 3785 1051 3843 δίον
1073 3792 1160 3846 dn.
1183 3789 1260 3843 ld.

318 3868 451 3922 Cn.
494 3869 593 3922 IX.
651 3888 698 3923 1.
744 3868 1029 3923 Seoundzm
1060 3874 1263 3941 equitum

246 3952 433 4001 muts.
480 3949 657 4019 Vulgo
673 3986 690 4014 ,
731 3952 935 4021 equitum
981 3962 1261 4002 nomm-unt.

247 4024 488 4081 Glossam
510 4026 729 4081 redolet.
757 4026 929 4082 codd.
958 4030 1069 4082 Ru.
1097 4031 1262 4082 nostri.

327 4126 380 4160 ει.
412 4108 802 4160 Demomeratum
828 4120 913 4160 est.
930 4106 1112 4161 vids.
1133 4126 1181 4160 c.
1212 4107 1262 4160 5.

326 4186 379 4240 3.
426 4187 790 4258 Commeatuqzoe
824 4199 1009 4240 nostros
1041 4187 1264 4259 prohibe-

250 4277 365 4320 mit.
404 4267 486 4320 Ita
522 4264 681 4323 eodd.
710 4268 952 4340 plerique
981 4280 1036 4323 et
1067 4279 1266 4322 veteres

641 4485 685 4537 ἱ

1348 3801 1532 3841 nostros
1563 3791 1881 3856 sustinebant,
1906 3791 1941 3844 i.
1968 3811 2014 3846 e.
2046 3805 2366 3846 commeatus

1347 3869 1540 3922 nostris
1587 3868 2017 3941 suppeditabant3
2056 3870 2199 3925 unde
2243 3885 2367 3926 nata

1349 3949 1417 4001 sit
1448 3950 1545 4001 ista
1577 3947 1848 4003 diversitas
1884 3951 2123 4005 lectionis
2138 3990 2155 4018 ,
2193 3954 2364 4006 ineer-

1350 4039 1463 4080 tum
1492 4040 1830 4100 monument.

1430 4109 1558 4161 Car.
1579 4109 1647 4161 X.
1671 4128 1720 4163 1.
1739 4108 1920 4163 Coesar.
1938 4109 2194 4166 Inmultis
2208 4109 2365 4165 codd.

1349 4188 1493 4242 abest
1524 4187 1707 4242 Cesar.
1735 4188 1890 4242 Male.

1434 4286 1486 4321 2.
1510 4268 1688 4322 Hostes
1718 4268 1962 4340 &inpeditos
2001 4274 2152 4322 nostri
2188 4275 2239 4324 in
2261 4272 2369 4340 flu-
