3111 5147
790 522 889 620 98
1051 524 1127 591 C.
1183 522 1466 590 JULII
1540 519 2006 589 CAESARIS
2069 519 2625 589 COMMENT.

788 658 1081 727 civitates
1103 656 1579 747 Oceanumque
1619 652 1983 746 attingunt,
2007 652 2250 720 certior
2285 649 2498 720 factus
2534 666 2663 738 est,
2682 674 2904 723 omnes

785 788 895 833 eas
932 764 1226 832 civitates
1274 762 1343 829 in
1401 759 1718 829 ditionem
1737 755 1759 782 ²
1809 771 2334 854 potestatemque
2378 756 2608 853 populi
2657 759 2908 828 romani

785 894 925 941 esse
969 869 1285 938 redactas.

890 977 1177 1046 XXXV.
1190 974 1310 1042 His
1332 972 1529 1040 rebus
1549 971 1767 1065 gestis,
1789 972 1971 1040 omni
1997 968 2210 1039 Gallia
2227 984 2492 1064 pacata,
2511 984 2690 1038 tanta
2709 970 2903 1065 hujus

786 1082 939 1153 belli
982 1081 1067 1151 ad
1110 1079 1427 1149 barbaros
1468 1079 1692 1173 opinio
1734 1076 1986 1171 perlata
2020 1090 2121 1145 est
2139 1130 2159 1165 ,
2193 1078 2292 1145 uti
2340 1076 2425 1144 ab
2480 1076 2582 1145 his
2631 1078 2905 1146 nationi·

785 1189 940 1278 bus,
967 1213 1113 1282 quoe
1151 1200 1334 1255 trans
1377 1183 1688 1253 Rhenum
1732 1182 2094 1253 incolerent
2110 1236 2129 1269 ,
2160 1184 2578 1253 mitterentur
2603 1182 2802 1278 legati
2828 1183 2906 1253 ad

786 1297 1151 1377 caesarem,
1186 1315 1333 1388 quae
1385 1315 1457 1360 se
1514 1289 1774 1359 obsides
1823 1289 2090 1358 daturas
2112 1287 2130 1313 ¹
2154 1343 2174 1378 ‚
2216 1291 2536 1382 imperata
2584 1288 2905 1377 facturas,

785 1399 1252 1496 pollicerentur
1295 1423 1311 1465 :
1355 1420 1518 1492 quas
1576 1394 1934 1491 legationes
1991 1397 2215 1464 Caesar
2234 1450 2255 1481 ,
2292 1394 2469 1489 quod
2530 1396 2596 1463 in
2653 1394 2903 1466 Italiam

782 1506 1249 1601 Illyricumque
1280 1503 1714 1599 properabat,
1748 1503 1908 1571 inita
1940 1502 2241 1596 proxima
2271 1515 2493 1571 aestate
2513 1556 2533 1589 ,
2574 1501 2657 1571 ad
2696 1527 2768 1573 se
2809 1527 2901 1572 re·

784 1615 952 1683 verti
996 1613 1206 1706 jussit.
1259 1613 1413 1729 Ipse
1470 1612 1536 1679 in
1591 1611 1917 1678 Carnutes
1937 1661 1957 1695 ,
1992 1607 2246 1696 Andes,
2273 1611 2736 1703 Turonesque‚
2764 1634 2901 1704 quae

782 1722 1076 1790 cixitates
1120 1719 1506 1812 propinquae
1555 1715 1658 1784 his
1687 1714 1861 1785 locis
1901 1728 2091 1784 erant
2136 1713 2252 1783 ubi
2294 1712 2539 1783 bellum
2581 1731 2901 1809 gesserat,

784 1825 1201 1920 legionibus
1185 1848 1253 1890 m
1295 1819 1617 1891 hiberna²
1647 1820 1981 1909 deductis,
2009 1822 2077 1889 in
2112 1818 2369 1889 Italiam
2411 1821 2749 1915 profectus
2781 1836 2901 1907 est;

783 1932 872 2002 ob
913 1954 1153 2024 easque
1202 1953 1344 2015 νει,
1381 1952 1461 1996 ex
1510 1926 1740 1997 litteris
1783 1928 2096 2013 CaesariS‚
2132 1926 2270 1996 dies
2311 1929 2444 1996 XV
2474 1913 2898 2023 supplicatio3

780 2037 1045 2106 decreta
1087 2049 1221 2122 est,
1249 2032 1428 2127 quod
1469 2047 1622 2103 ante
1664 2032 1731 2104 id
1772 2047 2034 2128 tempus
2076 2032 2314 2103 accidit
2354 2030 2535 2102 nulli.

780 2217 966 2272 Sesuvii
977 2217 1251 2289 nuspiam3
1268 2215 1487 2268 Lexuvii
1501 2233 1628 2267 vero
1649 2214 1799 2280 alibi,

780 2298 977 2367 111,9.
1018 2315 1114 2366 17,
1145 2294 1798 2365 29,unacumhisgen-

779 2378 920 2431 tibus
949 2386 1463 2439 commemorantur,
1482 2373 1799 2445 quibuscum

778 2458 833 2510 h.
849 2457 886 2510 l.
902 2457 1171 2526 conjuncti
1186 2466 1324 2507 sunt.
1345 2452 1445 2505 Ad.
1462 2453 1725 2521 Valesius,
1741 2454 1798 2506 in

780 2536 980 2590 Notitia
995 2534 1129 2589 Gall.
1146 2553 1199 2606 p.
1227 2538 1362 2603 494,
1375 2551 1474 2605 pro
1488 2531 1694 2586 Sesuviis
1711 2534 1801 2586 Le-

776 2619 957 2680 xovios,
957 2616 1041 2667 vel
1048 2616 1281 2668 Lesuvios
1294 2611 1624 2683 reponendos
1631 2626 1799 2684 putat,

779 2693 1050 2766 aquibus
1035 2713 1091 2746 ιιι
1111 2692 1328 2747 Sesuoios
1344 2692 1508 2745 facilis
1519 2693 1624 2745 fuit
1641 2693 1799 2746 libra

778 2775 984 2840 riorum
1001 2775 1193 2845 lapsus.
1208 2771 1493 2834 D'Anve'lle,
1510 2768 1659 2834 (Not.
1675 2772 1734 2824 de
1749 2774 1800 2824 la

785 2852 958 2914 Gaule,
973 2873 1028 2926 p.
1049 2849 1182 2918 566)
1195 2872 1307 2906 rem
1321 2852 1378 2905 in
1390 2850 1557 2905 dubio
1569 2852 1796 2924 reliquit.

783 2934 886 2986 Οιι.

864 3034 914 3066 2.
948 3013 1010 3064 In
1049 3012 1290 3065 ditionem.
1323 3011 1405 3065 Al.
1432 3011 1609 3065 minus
1638 3013 1799 3078 bene,

779 3098 832 3146 in
859 3093 1167 3145 deditionem.

857 3172 986 3226 Cn.
1015 3172 1246 3225 XXXV.
1285 3190 1333 3224 1.
1370 3170 1497 3241 Quoe
1531 3190 1581 3222 se
1617 3171 1801 3223 obsides

776 3253 1003 3313 daturas,
1021 3263 1110 3304 etc.
1133 3251 1240 3303 Alii
1268 3251 1429 3315 male,
1443 3253 1527 3321 qui
1551 3270 1601 3302 se
1616 3252 1800 3303 obsides

776 3332 996 3392 aarum,
1013 3342 1110 3383 etc.

863 3431 913 3464 ².
931 3409 1163 3462 Hiberna.
1185 3408 1291 3461 Alii
1319 3407 1637 3460 hibernacula.

1967 2215 2019 2269 3.
2053 2214 2364 2286 διφμὶεαίἱο.
2391 2215 2658 2269 Plutarch.
2680 2217 2737 2270 in
2774 2216 2896 2273 Ca.

1884 2313 1929 2347 c.
1947 2314 1976 2347 2
1991 2313 2038 2348 1.
2052 2286 2373 2366 ἡσύγκλητος
2397 2291 2764 2350 πεντααιίὸυια
2787 2298 2900 2368 ἠμί·

1883 2394 1970 2445 ρας
1988 2375 2256 2445 ἐψηφίσατο
2274 2378 2397 2428 θύειν
2412 2378 2513 2436 τοῖς
2528 2378 2627 2428 0ιοῖ
2609 2396 2670 2440 ις,
2688 2376 2772 2429 καὶ
2786 2397 2896 2445 σχο-

1881 2455 2040 2515 λάζειν
2064 2455 2400 2526 ἃορτάζοντας.
2421 2453 2522 2507 Hic
2542 2467 2720 2509 autem
2735 2455 2900 2509 honos

1883 2533 2093 2588 habitus
2118 2535 2239 2600 fuit,
2259 2553 2424 2607 quum
2454 2534 2674 2589 Senatus
2703 2535 2898 2609 populo

1883 2615 2078 2686 templa
2122 2613 2345 2667 deorum
2385 2614 2606 2687 aperiri,
2635 2628 2690 2669 et
2716 2617 2899 2687 gratias

1883 2693 1998 2747 Diis
2010 2695 2091 2765 agi
2104 2695 2437 2766 imperatoris
2447 2696 2664 2749 nomine
2675 2696 2898 2766 juberet.

1883 2774 2194 2827 lectisternia
2213 2772 2411 2827 ibidem
2425 2774 2639 2840 fiebant,
2663 2775 2902 2847 pulcher-

1883 2853 2135 2925 rimisque
2164 2854 2220 2906 in
2263 2853 2411 2908 lectis
2451 2852 2676 2907 deorum
2706 2855 2898 2926 effigie·

1883 2932 2305 2999 collocabantur,
2335 2933 2442 2985 suis
2485 2946 2753 2987 mnu-ueto
2789 2953 2899 2987 cer·

1881 3013 2136 3066 vicalibus
2183 3025 2235 3066 et
2288 3012 2654 3084 pulvinaribus
2681 3051 2698 3078 ,
2753 3013 2898 3084 quasi

1884 3090 2011 3145 deon
2066 3093 2235 3183 epulis
2281 3093 2619 3164 excepissent.
2681 3092 2899 3146 Senem

1883 3172 1996 3243 ipse
2024 3171 2133 3227 ibat
2162 3172 2269 3225 ritu
2293 3172 2513 3224 solemni
2534 3172 2897 3238 sacrificatum,

1883 3252 2204 3322 epulumque
2246 3249 2429 3318 dabat,
2456 3252 2659 3323 populo
2687 3252 2899 3306 interim

1884 3329 1997 3382 dies
2010 3331 2167 3383 festos
2180 3343 2376 3401 agente.
2389 3332 2517 3384 Erat
2526 3349 2691 3403 porro
2698 3331 2898 3404 suppli·

1884 3410 2021 3464 catio
2044 3411 2193 3481 quasi
2216 3411 2383 3464 futuri
2410 3411 2669 3483 triumphi
2689 3412 2895 3483 pignus.

1095 3564 1820 3631 SUPPLEMENTUM
1874 3585 1982 3631 AD
2037 3586 2310 3633 κιο-ιιι
2366 3588 2425 3633 1..
2484 3587 2569 3633 11.

859 3714 990 3767 Cn.
1027 3711 1178 3763 XVI.
1211 3728 1259 3763 1.
1300 3708 1479 3764 Sabim.
1521 3708 1640 3760 Hoc
1679 3709 1797 3762 loco

779 3791 1139 3865 gravissimum
1181 3789 1237 3841 in
1277 3807 1510 3842 errorem
1552 3787 1798 3842 incidisse

780 3873 1042 3944 suspicor,
1057 3888 1166 3923 non
1181 3866 1338 3923 codd.
1357 3886 1527 3940 neque
1538 3866 1795 3934 editores,

780 3951 873 4007 sed
903 3952 1159 4005 canorem
1191 3950 1367 4021 ipsum
1399 3949 1456 4003 in
1485 3968 1550 4002 eo
1580 3950 1797 4002 nomine

781 4029 1102 4097 ocribend03
1138 4028 1282 4102 quod
1320 4030 1457 4082 forte
1495 4027 1714 4095 accidit,
1742 4041 1796 4082 et

780 4123 998 4183 propter
1009 4109 1268 4164 inscitiam
1283 4109 1548 4173 locorum,
1566 4121 1618 4160 et
1629 4127 1794 4180 prop·

781 4202 861 4242 ter
906 4191 1294 4261 proximitatem
1335 4186 1564 4241 duorum
1604 4187 1795 4241 fluvio·

780 4287 926 4337 rum,
954 4269 1094 4324 sabis
1117 4281 1170 4322 et
1188 4268 1405 4332 Scaldis,
1432 4269 1722 4341 prasertim
1749 4268 1792 4322 ni

1883 3707 1950 3762 nd
1982 3709 2151 3764 fontes
2187 3729 2371 3764 eorum
2411 3712 2700 3783 respexeris
2712 3751 2729 3779 ,
2764 3730 2900 3784 quo·

1881 3808 2105 3861 rumque
2132 3790 2423 3845 similitudo
2449 3792 2681 3845 nominis
2705 3810 2765 3845 ea
2794 3789 2904 3857 est,

1881 3888 1998 3941 quae
2021 3870 2105 3922 vel
2129 3871 2358 3941 peritum
2389 3872 2628 3925 locorum
2657 3870 2901 3943 decipere

1880 3951 2059 4042 posuit.
2071 3950 2122 4003 Ιι
2136 3963 2309 4004 eutem
2318 3971 2467 4004 error
2477 3971 2506 4004 a
2517 3952 2665 4004 nullo
2681 3964 2804 4005 ante
2815 3969 2900 4004 me

1881 4030 2169 4102 interprete
2183 4029 2540 4102 deprehensus
2552 4031 2784 4086 videtur.
2811 4036 2906 4084 At·

1881 4121 2075 4176 tamen,
2091 4123 2205 4163 tum
2220 4112 2597 4183 geographico,
2614 4131 2784 4183 quum
2801 4112 2901 4165 mi-

1878 4190 2019 4243 litari
2032 4190 2225 4243 rationi
2240 4210 2533 4263 repugnare
2545 4190 2778 4259 videtur,
2792 4194 2902 4246 Co-

1879 4289 2066 4336 tti-em,
2079 4271 2136 4324 in
2149 4289 2213 4324 eo
2232 4289 2340 4342 quo
2353 4290 2497 4326 nunc
2509 4284 2622 4327 eret
2635 4283 2798 4341 stetu,
2811 4272 2900 4326 Se·

3089 582 3092 623 1

3089 636 3092 769 l
