3111 5147
526 558 666 626 DE
720 558 1064 628 BELLO
1119 557 1609 627 GALLICO.
1668 559 1853 627 LIB.
1911 559 2009 627 11.
2234 587 2330 660 97

212 687 433 775 turos¹
440 703 604 777 ‚aut
628 686 947 783 denique'
976 687 1414 783 indiligentius
1441 676 1852 760 servaturos³
1855 692 2338 786 ‚crediderant,

213 797 455 891 partim
516 820 671 864 cum
733 794 874 882 his,
910 820 1055 889 quae
1111 796 1514 863 retinuerant
1554 811 1621 864 et
1663 795 2073 889 celaverant,
2101 804 2340 891 armis,

216 903 455 997 partim
499 902 700 970 scutis
742 926 825 968 ex
865 902 1109 970 cortice
1154 899 1340 970 factis
1367 916 1482 970 aut
1502 903 1856 973 viminibus
1882 907 2141 975 intextis
2151 933 2338 1002 ‚quae

217 1006 472 1093 subito,
499 1021 577 1075 ut
608 1008 924 1100 temporis
965 1007 1281 1125 exiguitas
1320 1006 1730 1101 postulabat,
1759 1008 2034 1104 pellibus
2069 961 2338 1083 induxe-

216 1127 400 1200 rant,
435 1114 626 1181 tertia
669 1111 926 1207 vigilia,
949 1136 1081 1208 qua
1114 1114 1382 1182 minime
1420 1114 1666 1183 arduus
1708 1116 1794 1184 ad
1837 1132 2093 1187 nostras
2124 1123 2338 1189 muni·
2389 1176 2394 1183 .

220 1221 426 1288 tiones
470 1243 780 1288 ascensus
835 1217 1211 1307 videbatur,
1259 1219 1566 1289 omnibus
1626 1223 1831 1315 copiis
1885 1239 2155 1317 repente
2185 1212 2209 1257 ⁴
2260 1252 2340 1296 ex

218 1324 460 1419 oppido
520 1325 936 1419 eruptionem
996 1324 1310 1394 fecerunt.
1375 1325 1695 1395 Celeriter
1713 1380 1732 1415 ‚
1771 1342 1845 1396 ut
1905 1344 2057 1399 ante
2119 1333 2343 1402 Caesar

216 1434 568 1524 imperarat
595 1484 613 1518 ,
650 1430 907 1525 ignibus
962 1430 1433 1524 significatione
1473 1431 1649 1501 facta
1668 1487 1685 1520 ,
1723 1457 1802 1502 ex
1846 1438 2159 1528 proximis
2202 1463 2342 1508 cas·

218 1535 382 1606 tellis
445 1562 526 1606 eo
589 1561 985 1607 concursum
1037 1551 1171 1625 est,
1215 1552 1713 1632 pugnatumque
1761 1540 1847 1608 ab
1903 1542 2203 1613 hostibus
2253 1548 2344 1615 ita

211 1645 486 1731 acriter,
515 1657 591 1713 ut
625 1665 664 1710 a
694 1643 848 1710 viris
884 1642 1198 1731 fortibuS‚
1228 1644 1295 1712 in
1338 1658 1630 1713 extrema
1667 1670 1783 1739 spe
1826 1646 2088 1737 salutis,
2117 1651 2341 1745 iniquo

210 1747 366 1817 loco
384 1802 405 1835 ,
427 1764 658 1817 contra
700 1773 847 1835 eos,
872 1751 984 1843 qui
1025 1773 1108 1818 ex
1148 1747 1322 1819 vallo
1358 1750 1779 1845 turribusque
1832 1752 1960 1821 tela
2002 1756 2300 1847 jacerent
2323 1811 2343 1845 ,

208 1856 505 1949 pugnari
542 1854 767 1924 debuit
785 1908 805 1941 ‚
831 1879 1036 1948 quum
1078 1857 1147 1923 in
1191 1880 1325 1923 una
1364 1858 1609 1925 virtute
1669 1860 1883 1927 omnis
1926 1884 2072 1953 spes
2117 1860 2341 1932 salutis

208 1960 620 2029 consisteret.
651 1962 904 2030 Occisis
928 1960 1012 2029 ad
1055 1961 1397 2030 hominum
1443 1961 1726 2031 millibus
1769 1978 2087 2057 quatuor,
2113 1965 2343 2061 reliqui

206 2068 293 2136 in
337 2065 646 2160 oppidum
689 2067 913 2162 rejecti
954 2083 1124 2137 sunt.
1156 2068 1477 2137 Postridie
1506 2068 1647 2161 ejus
1677 2068 1839 2155 diei,
1873 2071 2168 2140 refractis
2198 2098 2347 2167 por·

209 2174 351 2258 tis»,
387 2195 584 2266 quum
616 2173 754 2267 jam
796 2173 1176 2242 defenderet
1215 2197 1413 2241 nemo
1432 2187 1684 2268 ‚atque
1735 2175 2122 2303 intromissis
2175 2177 2336 2246 mili-

208 2277 401 2347 tibus
431 2281 693 2367 nostris,
711 2280 1065 2350 sectionem
1083 2279 1222 2373 ejus
1241 2225 1481 2409 oppidi
1507 2281 1881 2348 universam
1893 2261 2165 2350 ⁵Caesar
2192 2308 2343 2353 ven-

206 2383 401 2453 didit.
446 2385 549 2454 Ab
602 2386 741 2472 his,
776 2386 888 2479 qui
929 2370 1268 2454 emerant⁶
1270 2386 1617 2479 ,capitum
1674 2409 1989 2456 numerus
2041 2387 2125 2456 ad
2184 2415 2338 2459 eum

205 2489 460 2560 relatus
501 2505 600 2559 est
633 2489 907 2559 millium
950 2493 1131 2560 LIII.

319 2599 641 2666 XXXIV.
676 2597 927 2667 Eodem
971 2613 1270 2693 tempore
1308 2622 1349 2665 a
1388 2600 1456 2666 P.
1490 2600 1769 2687 Crasso,
1806 2626 2037 2695 quem,
2069 2626 2222 2670 cum
2249 2602 2337 2671 le-

204 2705 409 2798 gione
432 2727 567 2772 una
593 2705 859 2773 miserat
895 2704 979 2773 ad
1015 2706 1338 2790 VenetoS,
1369 2704 1681 2793 Unellos,
1714 2708 2070 2794 OsismiOS‚
2105 2711 2337 2778 Curio·

206 2808 464 2898 solim,
484 2811 792 2879 Sesuvios
808 2808 853 2898 ¹,
869 2809 1184 2880 Aulercos
1201 2865 1219 2899 ,
1239 2810 1622 2900 Rhedones,
1646 2836 1790 2905 quae
1819 2827 1974 2881 sunt
1998 2815 2339 2885 maritimae

289 3021 423 3075 Cu».
439 3020 699 3073 xxxm.
723 3038 770 3074 1.
786 3020 992 3075 Nostros
1004 3021 1237 3093 pra-sidia

206 3100 511 3153 deductum.
523 3099 697 3155 codd.
711 3113 763 3153 et
770 3098 888 3153 edd.
900 3101 1083 3173 prisco
1097 3119 1239 3154 :nos-

208 3192 326 3231 tros
353 3178 598 3251 prasidio
624 3199 719 3232 non
748 3180 1034 3234 inducturos.
1063 3179 1233 3234 Graec.

209 3259 406 3330 interp.
427 3261 497 3330 μὴ
510 3260 841 3321 καταιρήσειν.
829 3279 841 3290 ·
860 3258 1004 3331 quod
1013 3260 1235 3311 verbum

212 3356 311 3388 m
330 3339 619 3401 inducturos,
643 3340 858 3404 scilicet,
878 3359 973 3391 non
992 3333 1232 3390 introduc-

215 3428 361 3477 turos,
386 3420 567 3472 forsan
598 3438 629 3471 e
656 3419 861 3489 glossa'
845 3437 903 3470 m
929 3431 1255 3471 contextum.

208 3496 442 3569 ine-psit.
456 3498 570 3569 Ego
584 3517 711 3551 vero
732 3498 910 3550 malim
933 3500 990 3550 τὸ
1012 3497 1233 3549 deductu-

210 3594 313 3628 ros.
344 3575 477 3629 cod.
507 3578 571 3629 R.
607 3578 787 3646 5763,
821 3577 1114 3650 deducturos.

300 3675 352 3708 τι.
370 3657 601 3729 Denique.
618 3655 683 3708 Id
698 3669 800 3721 est,
816 3657 870 3708 in
883 3675 1109 3722 summa,
1121 3674 1232 3708 uno

207 3735 397 3788 verbo.
417 3737 601 3788 Malim
617 3736 952 3808 interpretari
965 3738 1151 3796 saltam,
1173 3748 1234 3787 ut

204 3812 361 3886 apud
390 3815 639 3869 Senecam
668 3814 742 3872 de,
766 3818 876 3881 ira,
903 3833 1004 3881 111,
1032 3819 1118 3870 18.

298 3894 355 3946 3.
374 3895 666 3948 Servatus-os.
697 3895 1096 3948 Observatum&

296 3979 358 4035 4.
386 3975 605 4044 Repente.
639 3975 760 4028 scil.
790 3975 1070 4046 repentino
1100 3984 1233 4025 tem-

196 4069 370 4125 pore.
390 4052 567 4107 Codex
588 4056 762 4126 regius
792 4055 939 4125 5764
971 4054 1129 4106 habet
1143 4054 1236 4104 Re-

182 4135 427 4203 pentino.
458 4133 676 4187 subaudi
707 4147 925 4206 tempore.

298 4211 622 4266 5.Seetioroem
640 4218 740 4285 ejus
762 4215 927 4286 oppidi
955 4216 1230 4265 universam.

190 4290 402 4344 sectio
423 4289 685 4350 dicebatur
713 4293 779 4350 de
804 4293 959 4348 bonis
988 4311 1106 4365 quae
1135 4291 1233 4345 sub

320 4401 396 4466 I.

1321 3020 1469 3073 hasta
1498 3017 1863 3073 vendebantur
1886 3056 1903 3084 ,
1935 3037 1964 3071 a
1995 3023 2337 3077 sectatoribus

1321 3098 1478 3153 dicta.
1497 3099 1731 3152 Sectores
1745 3110 1920 3150 autem
1939 3095 2068 3151 dicti
2081 3113 2224 3162 sunt,
2246 3105 2340 3172 qui

1320 3197 1468 3251 spem
1503 3178 1639 3231 lucri
1679 3178 1873 3242 secuti,
1906 3178 2046 3230 bona
2087 3178 2336 3242 condem-

1319 3271 1565 3311 natorum
1578 3258 1732 3310 simul
1744 3257 2204 3323 auctionabantur,
2219 3279 2340 3331 pro-

1319 3357 1422 3410 que
1435 3338 1499 3390 iis
1517 3337 1766 3409 pecunias
1783 3337 2139 3410 pensitabant3
2158 3353 2338 3411 postea

1318 3437 1419 3490 pro
1448 3415 1763 3489 compendio
1780 3435 1877 3469 suo
1898 3417 2099 3489 singula
2117 3437 2336 3489 qumque

1317 3497 1518 3568 populo
1547 3494 1830 3549 vendituri.
1861 3496 1942 3548 Ita
1983 3497 2093 3551 Cic.
2138 3498 2332 3571 Philip.

1315 3576 1397 3640 11,
1416 3577 1491 3629 Μ.
1507 3577 1797 3630 Antonium
1811 3576 2075 3632 bonorum
2095 3577 2332 3649 Pompeii

1317 3668 1570 3709 sectorem
1583 3656 1824 3728 appellat.
1835 3655 1938 3706 Dio
1952 3656 2091 3710 Cass.
2102 3655 2136 3708 l.
2150 3676 2305 3710 xxxix
2314 3696 2332 3726 ,

1320 3740 1351 3797 4
1370 3773 1386 3801 ‚
1409 3734 1587 3789 dehac
1611 3738 1721 3808 ipsa
1742 3754 1814 3788 re.
1839 3731 2020 3796 Οὐδεὶς
2048 3736 2333 3807 συγγνώμης

1316 3815 1482 3882 ‘mxcv
1499 3856 1512 3879 ‚
1530 3817 1637 3868 ἀλλ’
1659 3818 1875 3874 ἅπαντας
1894 3816 2189 3885 ἐπράθησαν.
2268 3871 2274 3877 ,

1400 3897 1451 3947 6.
1493 3894 1578 3946 Ab
1611 3896 1686 3946 lu's
1720 3898 1804 3967 qui
1838 3906 2059 3946 emerant.
2105 3894 2176 3945 Hi
2212 3910 2335 3950 sunt

1318 3973 1395 4026 ini
1428 3973 1527 4045 ipsi
1563 3972 1920 4045 redemptores
1958 3968 2061 4033 (les
2099 3985 2333 4047 eutr-epre-

1318 4072 1477 4114 neurs,
1511 4053 1689 4105 malim
1708 4054 1773 4104 les
1796 4052 2161 4121 adjudicatam
2174 4051 2212 4116 ).

1396 4132 1524 4187 Cu».
1550 4133 1805 4185 XXXIV.
1839 4151 1885 4184 1.
1905 4132 2134 4185 sesuvios.
2162 4133 2329 4188 Ciacc.

1319 4213 1543 4265 Ursinus
1585 4223 1639 4264 et
1690 4212 1907 4264 Vossius
1954 4212 2214 4279 Lesuram,
2246 4228 2336 4268 aut

1320 4294 1548 4346 Lewvios
1578 4290 1915 4346 scribendum
1952 4303 2141 4363 putant
2161 4330 2178 4358 ,
2195 4294 2334 4365 ¹quia

1924 4424 1962 4494 7
