3111 5147
584 554 753 621 -DE
806 552 1147 621 BELLO
1198 554 1694 623 GALLICO.
1753 555 1940 623 LIB.
1995 559 2050 624 I.
2295 555 2387 654 57

260 682 651 754 decessisset
666 738 685 772 ,
717 708 796 754 ac
838 682 1108 752 liberam
1144 683 1267 752 sibi
1308 687 1785 778 possessionem
1818 685 2049 757 Galliae
2089 686 2389 760 tradidis-

256 805 397 879 set,
417 814 669 884 magno
700 816 772 860 se
799 789 981 858 illum
1010 793 1281 884 praemio
1313 806 1919 879 remuneraturum3
1940 808 2043 880 et,
2071 818 2392 888 quaecum-

254 922 391 991 que
419 894 596 965 bella
638 899 777 991 geri
811 894 1008 964 vellet
1026 950 1046 984 ,
1069 898 1208 966 sine
1234 894 1370 965 ullo
1401 898 1540 989 ejus
1566 895 1789 967 labore
1818 912 1885 967 et
1911 899 2205 992 periculo
2232 926 2387 971 con·

258 1002 615 1071 fecturum.
660 1019 695 1055 ¹>
2192 1076 2196 1081 .
2275 1037 2294 1057 ‘

370 1111 581 1179 XLV.
621 1106 837 1176 Multa
874 1108 959 1176 ab
990 1110 1249 1177 Caesare
1290 1110 1358 1176 in
1396 1133 1542 1178 eam
1580 1111 1970 1178 sententiam
2003 1111 2178 1180 dicta
2205 1128 2389 1201 sunt,

263 1238 467 1307 quare
526 1217 795 1308 negotio
848 1213 1158 1283 desistere
1216 1239 1352 1282 non
1412 1230 1636 1309 posset
1652 1269 1673 1303 ,
1707 1230 1775 1285 et
1823 1245 1857 1280 «
1908 1241 2119 1310 neque
2162 1242 2347 1287 suam
2367 1273 2388 1307 ,

262 1344 476 1413 neque
545 1319 777 1415 populi
842 1322 1095 1388 romani
1169 1321 1709 1390 consuetudinem
1770 1324 1906 1415 pati
1925 1375 1946 1409 ,
1985 1325 2082 1391 uti
2140 1327 2386 1419 optime

262 1428 531 1495 meritos
566 1427 780 1495 socios
817 1424 1190 1514 desereret3
1226 1450 1437 1521 neque
1475 1451 1545 1496 se
1580 1426 1915 1519 judicare,
1944 1427 2223 1497 Galliam
2267 1456 2385 1525 po-

263 1534 393 1600 tius
433 1555 572 1603 esse
614 1533 962 1618 Ariovisti,
998 1557 1196 1625 quam
1234 1530 1463 1626 populi
1508 1535 1780 1601 romani.
1817 1530 2024 1607 Bello,
2046 1552 2387 1629 superatos

264 1661 404 1706 esse
442 1641 776 1706 Arvernos
822 1651 890 1705 et
930 1638 1227 1706 Rutenos
1280 1638 1365 1706 ab
1407 1639 1492 1726 Q.
1537 1638 1739 1706 Fabio
1781 1639 2074 1707 Maximo
2094 1693 2113 1727 ,
2149 1642 2385 1733 quibus

262 1742 549 1837 populus
574 1768 908 1813 romanus
964 1744 1322 1837 ignovisset
1347 1743 1391 1830 ¹3
1426 1767 1639 1837 neque
1692 1746 1762 1811 in
1821 1746 2228 1837 provinciam
2282 1771 2383 1815 re-

262 1847 621 1966 ᾶεςὶεεειζ
650 1873 861 1943 neque
913 1849 1309 1943 stipendium
1367 1851 1799 1944 imposuisset.
1845 1850 2049 1938 Quod
2104 1853 2155 1920 si
2216 1855 2382 1922 anti·

264 1955 649 2074 quissimum
711 1954 1019 2049 quodque
1079 1970 1338 2049 tempus
1398 1957 1679 2085 spectari
1743 1971 2119 2075 oporteret,
2157 1958 2386 2053 populi

262 2062 529 2127 romani
551 2060 977 2153 justissimum
1015 2085 1157 2130 esse
1197 2063 1264 2129 in
1287 2047 1542 2131 Gallia³
1571 2064 1953 2155 imperium:
1984 2065 2035 2131 si
2061 2062 2382 2156 judicium

266 2167 544 2235 Senatus
568 2167 901 2236 observari
929 2182 1298 2286 oporteret,
1327 2166 1599 2236 liberam
1629 2167 1868 2235 debere
1904 2193 2042 2237 esse
2068 2168 2346 2239 Galliam
2363 2225 2381 2258 ‚

259 2294 458 2365 quam
496 2272 666 2342 bello
706 2277 951 2343 victam
994 2275 1126 2342 suis
1168 2271 1418 2367 legibus
1458 2277 1555 2342 uti
1592 2271 1920 2343 voluisset.
1970 2290 2003 2323 ²>

360 2381 604 2448 XLVI.
649 2382 833 2448 Dum
873 2379 1017 2448 haec
1060 2381 1128 2447 in
1169 2378 1496 2473 colloquio
1538 2393 1889 2473 gematur,
1923 2381 2166 2448 Coesari
2211 2406 2377 2449 nun-

256 2485 497 2553 ciatum
539 2500 641 2554 est
658 2540 678 2572 ,
717 2488 965 2581 equites
1003 2487 1310 2555 Ariovisti
1351 2487 1622 2582 propius
1655 2485 1992 2559 ⁴tumulum
2033 2486 2344 2556 accedere
2358 2542 2378 2577 ,

170 2641 176 2645 -
252 2605 317 2659 ει
359 2592 445 2660 ad
488 2608 752 2662 nostros
774 2592 791 2616 ¹
830 2593 1248 2686 adequitare3
1274 2591 1519 2687 lapides
1546 2592 1802 2688 telaque
1830 2594 1895 2660 in
1930 2607 2190 2663 nostros
2219 2619 2375 2663 con-

242 2697 464 2789 jicere.
495 2702 721 2768 Caesar
754 2697 1059 2793 loquendi
1104 2699 1303 2767 finem
1334 2697 1552 2786 fecit²3
1584 2724 1779 2794 seque
1809 2700 1894 2768 ad
1921 2725 2074 2769 suos
2098 2703 2378 2796 recepit3

250 2807 511 2898 suisque
546 2807 932 2899 imperavit,
964 2830 1046 2873 ne
1086 2805 1265 2900 quod
1306 2808 1579 2873 omnino
1620 2805 1824 2874 telum
1865 2809 1932 2873 in
1977 2807 2197 2875 hostes
2238 2808 2379 2900 reji-

248 2925 490 2979 cerent.
526 2913 736 2997 Nam,
767 2913 886 2982 etsi
917 2913 1054 2980 sine
1096 2909 1231 2979 ullo
1271 2910 1565 3005 periculo
1609 2909 1878 3006 legionis
1921 2910 2187 2981 delectae
2224 2938 2377 2981 cum

314 3104 445 3157 Cu».
460 3105 633 3157 XLV.
645 3124 692 3158 1.
710 3104 969 3175 QuibusP.
983 3105 1046 3157 R.
1066 3107 1271 3175 ignovi-u

244 3195 327 3236 set.
350 3184 622 3254 Ignoviue
645 3183 917 3238 dieebatur
937 3185 998 3238 P.
1012 3186 1076 3237 R.
1104 3202 1269 3254 quum

242 3263 469 3333 populos
504 3263 747 3317 libertate
777 3283 867 3317 sua
896 3265 1032 3328 frui,
1060 3264 1269 3333 suisque

243 3341 445 3412 legibus
498 3344 609 3409 uti,
648 3363 707 3397 ιο
751 3344 1079 3415 magistratus
1120 3361 1268 3395 more

244 3422 417 3490 patrio
440 3441 619 3476 <zu-esre
640 3424 860 3476 sinebat.
880 3422 1267 3487 Nihilominus,

240 3500 297 3552 in
320 3502 387 3553 iis
418 3502 575 3568 locis,
597 3501 788 3574 quibus
808 3501 1234 3574 depugnaverant
1249 3539 1265 3566 ,

238 3599 417 3632 saxeas
445 3594 618 3635 tin-res
646 3583 873 3654 superbe
902 3583 1264 3646 exstruebant,

238 3673 291 3711 et
322 3661 564 3732 trophea
591 3661 841 3734 figebant.
870 3661 1012 3715 Gon.

319 3760 373 3793 2.
418 3741 589 3813 Neque
633 3746 683 3793 in
714 3745 1007 3811 pminczhm
1056 3741 1263 3812 redegis-

234 3819 477 3873 oet.Tn1n
498 3820 557 3872 in
577 3820 909 3892 provinciam
931 3819 1264 3892 redigebant,

234 3916 400 3969 quum
419 3937 438 3965 ,
470 3899 731 3971 ademptis
769 3901 971 3972 legibus
987 3938 1006 3966 ,
1041 3918 1263 3954 romano

232 3980 567 4053 uagina-atui
609 3993 665 4033 et
709 3979 1049 4052 vectigalibus
1100 3981 1264 4051 subji-

230 4059 515 4114 ciebantur
546 4061 750 4132 populi.
783 4059 865 4114 Id.

313 4140 371 4194 3.
406 4141 470 4193 In
513 4139 702 4195 Gallia.
732 4142 975 4194 Vossian.
1016 4139 1173 4211 prim.
1211 4143 1262 4190 e'n

188 4263 193 4268 ,
229 4219 943 4292 διαιὶιηιφεφεηωτηιιιι
955 4218 1265 4289 intelligitur

226 4299 285 4352 in
319 4300 500 4372 aliqua
528 4312 679 4372 parte
707 4300 906 4355 Gallio.
939 4301 1112 4353 Irnnlo
1140 4298 1264 4353 licet

1354 3104 1411 3156 in
1444 3116 1607 3156 totam
1635 3103 1860 3157 Galliam
1890 3104 2046 3156 vellet
2073 3103 2247 3156 dicere
2275 3104 2374 3156 im·

1353 3184 1589 3255 perium,
1607 3183 1834 3236 ablativo
1863 3195 1996 3236 esset
2021 3184 2182 3236 locus.
2204 3183 2374 3235 Plaut.

1354 3263 1469 3316 Mil.
1498 3281 1600 3328 ιιι,
1634 3281 1656 3315 1
1679 3301 1695 3328 ,
1737 3281 1801 3333 ¹7
1834 3263 2016 3329 :facile
2046 3266 2284 3334 isuper-iiam
2327 3268 2376 3316 in

1353 3343 1501 3395 bonis.
1519 3342 1885 3396 Ounmmonr.
1907 3342 2033 3395 Hac
2056 3355 2230 3395 autem
2259 3356 2372 3395 tum

1353 3423 1571 3475 Caesaris
1595 3461 1611 3488 ,
1655 3435 1766 3473 tum
1822 3422 2071 3474 Ariovisti
2113 3423 2374 3493 colloquia

1351 3502 1514 3554 veluti
1539 3502 1784 3573 praeclara
1805 3501 2044 3554 militaris
2065 3502 2374 3573 eloquentiae

1351 3582 1667 3653 exemplaria
1690 3581 1822 3638 mihi
1844 3580 2094 3634 videntur
2111 3581 2375 3652 juventuti

1348 3659 1711 3732 proponenda.

1429 3739 1558 3795 Cu.
1583 3741 1778 3793 XLVI.
1811 3759 1858 3793 1.
1892 3742 1966 3792 Et
1988 3739 2059 3791 ad
2077 3751 2261 3791 nostros
2285 3740 2373 3790 ad-
2493 3747 2500 3752 “

1350 3826 1573 3892 equitare.
1605 3821 1685 3872 Ita
1722 3818 1877 3872 codd.
1911 3832 1964 3872 et
2006 3817 2127 3871 edd.
2159 3831 2286 3870 vett.
2320 3831 2373 3871 et

1348 3918 1498 3970 graec.
1529 3900 1749 3970 interpr.
1774 3899 1857 3951 καὶ
1891 3900 2026 3967 πρός.
2060 3897 2199 3950 Male
2237 3897 2366 3950 Scal.

1347 3979 1525 4031 omisit
1579 3977 2003 4049 prepositionem
2064 3978 2132 4028 ad
2149 4016 2163 4037 ‚
2214 3996 2370 4047 quam

1345 4057 1576 4112 restituit
1610 4057 1870 4109 Clarkius.

1432 4158 1481 4191 α.
1527 4138 1685 4191 Fecit.
1721 4135 1855 4201 Alii,
1875 4138 2021 4203 facit.
2072 4136 2370 4208 Utrumque

1345 4231 1528 4271 recte:
1579 4235 1703 4269 nam
1754 4216 1943 4270 Caesari
1993 4227 2072 4269 est
2118 4216 2366 4270 usitatum

1349 4309 1584 4370 tempora
1615 4298 1900 4352 verborum
1930 4308 2266 4351 commutare.
