3111 5147
716 540 868 640 376

1011 550 1105 617 C.
1159 546 1442 618 JULII
1496 546 1961 616 CAESARIS
2016 545 2564 615 COMMENT.

712 693 945 747 contra
973 682 1362 749 exteriorem
1393 664 1686 750 hostem⁵
1722 678 2029 776 perfecit,
2068 691 2146 747 ut
2178 702 2263 746 ne
2299 700 2542 771 magna
2568 672 2843 769 quidem

714 852 1043 906 conficienda
1066 855 1166 906 tuti
1194 869 1253 908 ac
1275 854 1500 924 protecti
1530 864 1701 906 essent
1715 890 1733 919 ,

715 945 837 1003 post
855 932 1072 985 modum
1091 931 1338 987 derelicta
1352 934 1452 985 fuit
1465 951 1494 984 a
1513 933 1735 997 Caesare,

717 1029 818 1066 nec
843 1014 952 1065 ullo
980 1011 1142 1065 modo
1168 1013 1417 1083 operibus
1443 1031 1601 1083 supra
1629 1010 1738 1065 dic·

719 1092 789 1144 tis
801 1093 1024 1162 alligata
1037 1093 1109 1144 ita
1130 1104 1190 1144 ut
1203 1109 1317 1144 eam
1332 1091 1485 1145 facile
1507 1092 1739 1144 cratibus

720 1169 987 1243 integere,
1020 1183 1175 1243 atque
1203 1189 1385 1242 aggere
1410 1171 1619 1242 explere
1639 1189 1738 1243 po·

721 1252 927 1304 tuerint
958 1248 1245 1322 oppidani,
1276 1251 1429 1304 sicuti
1464 1250 1662 1305 dicitur
1690 1269 1736 1303 c.

724 1325 957 1401 79.(En
987 1350 1052 1381 un
1083 1342 1204 1393 moe,
1245 1332 1453 1398 cesossd
1477 1350 1536 1382 ne
1561 1331 1746 1382 dou-a

675 1437 692 1456 ·
726 1418 824 1463 etro
848 1409 1088 1462 considere
1096 1430 1183 1483 que
1208 1429 1381 1463 comme
1407 1430 1470 1462 un
1485 1412 1741 1481 [σειόμεν-

725 1488 839 1552 du)?
851 1489 1078 1561 Lipsius,
1087 1488 1365 1545 Poliorcet.
1373 1530 1389 1556 ,
1399 1504 1453 1543 et
1465 1491 1551 1542 alii
1561 1508 1744 1543 omnes

726 1568 1041 1641 interpretes
1079 1588 1188 1628 xvt.
1208 1584 1263 1624 et
1296 1588 1414 1623 xvu
1450 1589 1565 1623 σεο.
1605 1569 1743 1622 hanc

727 1647 880 1721 operi
902 1647 1233 1702 addixerunt.
1249 1648 1444 1711 Clark,
1479 1651 1662 1719 Turpia
1685 1649 1745 1700 de

733 1728 922 1789 Cn'sse',
957 1740 1011 1781 et
1041 1729 1254 1794 Folard,
1284 1742 1322 1781 t.
1354 1747 1430 1793 n,
1457 1748 1575 1800 pag.
1616 1732 1742 1782 160.

737 1807 790 1859 T
785 1812 911 1859 mite
934 1808 994 1858 de
1022 1808 1256 1880 l'attaque
1282 1820 1332 1859 et
1370 1808 1430 1858 de
1472 1810 1522 1859 la
1561 1808 1749 1875 defense

729 1886 813 1938 des
831 1886 1024 1956 places,
1053 1905 1167 1939 eam
1192 1887 1347 1940 nobis
1369 1887 1605 1940 offerunt
1620 1906 1748 1940 con·

728 1966 966 2037 junctam
979 1966 1125 2017 taleis
1138 2003 1155 2031 ,
1166 1966 1328 2018 veluti
1341 1968 1572 2038 primum
1587 1985 1749 2038 genus

735 2043 1133 2116 impedimenti,
1164 2059 1413 2118 praterea
1443 2044 1601 2100 codd.
1634 2066 1749 2099 om-

732 2142 829 2177 nes
844 2124 1039 2176 habent
1052 2143 1121 2176 cn
1143 2123 1266 2197 ped.
1285 2144 1394 2179 non
1405 2144 1475 2179 cn
1489 2146 1622 2198 pasS.
1638 2126 1752 2179 Un-

736 2202 805 2257 de
834 2222 943 2256 non
973 2204 1122 2257 facile
1151 2207 1434 2277 conjeceris
1448 2244 1465 2272 ,
1491 2207 1750 2259 Caesarem

736 2284 926 2338 summ
944 2281 1076 2336 adeo
1103 2287 1456 2358 propinquam
1486 2299 1539 2338 et
1567 2286 1752 2339 utilem

735 2362 1095 2436 dereliquisse,
1104 2383 1201 2418 nec
1211 2383 1324 2418 eam
1336 2366 1558 2436 amplius
1568 2362 1751 2417 defen·

738 2441 907 2508 disse,
931 2462 1029 2495 nec
1059 2462 1118 2496 ea
1137 2463 1291 2497 usum
1315 2445 1472 2497 fuisse
1495 2461 1606 2497 non
1633 2457 1750 2497 tan-

738 2534 853 2576 tum
871 2520 937 2575 ad
950 2522 1218 2595 operarios
1234 2542 1354 2576 suos
1370 2522 1721 2596 protegendos
1733 2562 1750 2590 ,

738 2601 833 2656 sed
857 2602 1018 2654 etiam
1054 2600 1119 2654 ad
1160 2603 1334 2655 hostes
1374 2604 1457 2655 vel
1499 2604 1752 2676 tantisper

740 2679 1082 2734 retardandos
1094 2694 1146 2733 et
1155 2681 1554 2753 propulsandos,
1567 2702 1754 2754 quum-

741 2779 847 2833 que
870 2779 984 2832 cap.
1002 2767 1094 2831 74.
1122 2759 1317 2814 dicitur
1340 2764 1597 2817 Caesarem
1609 2784 1753 2834 pares

742 2853 793 2891 et
817 2841 1021 2909 ejusdem
1050 2844 1238 2911 generis
1274 2846 1550 2894 munitt‘ones
1590 2857 1756 2895 eontra

743 2924 1016 2972 exteriorem
1035 2921 1210 2974 hostem
1230 2925 1481 2993 peffecisse
1491 2945 1511 2985 ,·
1528 2942 1759 2977 necessa·

742 3000 827 3052 rio
856 3000 1093 3071 sequitur
1108 3001 1331 3055 similem
1344 3003 1533 3055 fossam
1549 3022 1617 3056 xx
1633 3001 1754 3075 ped.

742 3079 1352 3153 latamprofundamque,
1369 3094 1526 3154 atque
1544 3101 1613 3135 cn
1633 3082 1755 3155 ped.

744 3157 1022 3213 distantem
1024 3162 1360 3227 ,munitiones
1369 3164 1653 3216 exteriores
1664 3163 1763 3215 cir-

745 3258 868 3292 cum
894 3240 1131 3293 cinxisse.
1159 3242 1230 3294 At
1257 3241 1533 3296 Gubul-ard
1558 3243 1761 3313 primus

743 3318 883 3371 banc
913 3317 1318 3391 descriptionem
1350 3321 1638 3374 fabulosam
1669 3341 1761 3394 ap·

745 3393 1057 3469 pensus(un
1083 3396 1311 3464 roman),
1336 3400 1452 3452 vult
1481 3401 1705 3452 fossam'
1691 3420 1762 3454 is-

745 3489 856 3530 tam
883 3475 950 3529 ad
976 3491 1182 3548 tempus
1206 3490 1261 3530 et
1288 3479 1615 3532 occasionem
1647 3493 1762 3532 tan-

746 3567 864 3609 turn
893 3556 1214 3609 confectam·
1199 3595 1216 3622 ,
1240 3570 1294 3610 et
1322 3558 1387 3611 iis
1408 3558 1656 3612 innititur
1679 3578 1762 3612 ra-

746 3635 1016 3689 tionibus:
1041 3626 1096 3688 ιο
1117 3634 1478 3691 difficultatem
1500 3639 1674 3710 operis
1698 3638 1764 3691 ad

748 3727 945 3768 tantam
988 3713 1289 3769 distantiam
1318 3719 1507 3771 remoti
1551 3719 1724 3790 arguit
1746 3757 1764 3785 ,

748 3790 896 3866 (legit
907 3808 1083 3848 autem
1093 3813 1163 3849 cn
1173 3815 1304 3868 pass.
1317 3815 1425 3850 non
1435 3816 1503 3850 cn
1512 3795 1661 3869 ped.)
1678 3837 1694 3865 ,

748 3892 930 3946 parem
961 3875 1150 3928 fossam
1182 3876 1249 3929 ad
1273 3877 1594 3931 munitiones
1624 3891 1765 3931 exte·

747 3953 917 4006 riores
930 3952 1191 4009 addixerit
1203 3956 1400 4022 Cesar,
1416 3977 1532 4030 quie
1548 3956 1765 4030 quidem

749 4031 809 4085 in
822 4034 1046 4099 circuitu
1060 4054 1128 4088 xx
1140 4037 1270 4089 mill.
1288 4056 1423 4130 pass.
1438 4049 1491 4091 et
1503 4038 1654 4110 plura
1671 4038 1764 4090 ha-

749 4111 973 4177 buisset;
996 4131 1025 4165 2
1029 4103 1236 4168 οιιιιιΙῑο
1265 4119 1517 4189 majorem
1536 4115 1768 4170 difficul-

749 4201 910 4243 tatem
931 4191 1116 4246 tuendi
1145 4195 1338 4248 lineam
1359 4209 1465 4249 tam
1490 4196 1767 4268 longinqui

750 4270 1002 4336 ambitus,
1015 4291 1133 4326 cum
1148 4272 1327 4329 decem
1338 4288 1546 4329 tantum
1553 4276 1771 4346 legioni·

1818 852 1937 916 bus3
1950 839 2355 905 3⁰inutilitatem
2365 850 2480 903 talis
2496 850 2662 913 fossae,
2675 863 2851 918 quam

1818 931 1995 984 hostes
2003 931 2153 983 facile
2167 930 2375 1002 explere
2386 930 2849 1000 potuissentstnte·

1819 1029 1979 1082 quum
1998 1008 2233 1063 subsidio
2250 1010 2421 1063 veniri
2449 1008 2628 1080 possit.
2652 1005 2847 1058 Ratio·

1823 1109 1917 1143 nes
1944 1090 2111 1143 allata!
2138 1108 2167 1142 a
2194 1087 2525 1143 Guiscberdo
2547 1084 2844 1140 admodum

1821 1170 2046 1223 infirmo
2062 1181 2263 1235 essent,
2293 1170 2337 1221 si
2368 1180 2428 1221 ut
2457 1168 2653 1221 habent
2675 1164 2843 1218 codd.

1822 1248 2104 1342 legendum
2127 1261 2205 1302 est
2222 1267 2293 1302 cn
2320 1246 2441 1320 ped.
2463 1265 2570 1300 non
2599 1263 2669 1299 cn
2702 1264 2841 1316 pass.

1827 1329 2009 1382 Nam'
1994 1348 2051 1380 ιιι
2072 1328 2171 1382 hac
2193 1329 2444 1391 lectione,
2474 1326 2655 1381 nibil
2641 1343 2845 1396 mpos-

1824 1409 2007 1475 sibile,
2038 1408 2170 1461 nihil
2198 1407 2452 1473 arduum,
2480 1425 2577 1459 nec
2597 1403 2843 1458 indefen-

1826 1508 1945 1542 sum
1972 1487 2306 1583 relinquitur.
2334 1490 2427 1540 Ast
2454 1487 2566 1539 alin
2598 1497 2727 1538 sunt
2758 1503 2843 1536 ra·

1826 1569 2031 1622 tiones.
2061 1585 2084 1621 1
2091 1558 2393 1621 ‘'silentium
2423 1563 2763 1619 Cosarisde
2747 1576 2843 1617 ista

1828 1648 1963 1702 fossa
1982 1648 2130 1720 prius
2147 1645 2321 1700 ducta.
2341 1648 2423 1700 Ne
2442 1645 2609 1699 ullum
2627 1642 2843 1736 quiden

1826 1729 2048 1781 verbum
2076 1740 2255 1798 postea
2274 1725 2421 1780 dedit
2434 1745 2576 1798 ‚quo
2593 1724 2845 1796 suspicari

1828 1808 1996 1880 possis
2035 1825 2150 1859 eam
2186 1821 2391 1900 partem
2420 1806 2666 1898 aliquam
2686 1804 2847 1856 fuisse

1830 1885 2168 1951 munitionis;
2214 1876 2271 1939 2⁰
2302 1898 2487 1938 contra
2516 1884 2694 1937 innuit
2730 1902 2845 1936 ean

1833 1964 2135 2019 derelictam
2162 1965 2340 2030 fuisse,
2354 1983 2520 2037 quum
2531 1962 2665 2016 dicit
2683 1982 2730 2015 e.
2752 1981 2845 2033 79:

1833 2046 1885 2098 E
1887 2057 1909 2095 t
1923 2051 2192 2117 proximam
2199 2048 2383 2113 fossam
2403 2044 2614 2096 cratibus
2633 2049 2848 2112 integat

1834 2119 1977 2185 (scil.
2009 2121 2323 2196 oppidani),
2339 2137 2428 2177 etc.
2454 2121 2615 2189 Quod
2633 2121 2845 2194 quidem

1833 2218 1975 2258 certe
1995 2223 2104 2256 non
2126 2203 2276 2257 facile
2291 2242 2308 2268 ‚
2325 2203 2516 2257 nec'nb
2532 2204 2685 2256 omni
2702 2215 2847 2273 parte

1834 2284 2108 2349 fecissent,
2137 2284 2181 2336 si
2193 2302 2252 2335 ea
2266 2283 2565 2336 munitione
2594 2283 2847 2355 potuisset

1834 2362 2067 2418 defendi.
2109 2363 2456 2432 Berlinghekei,
2489 2362 2547 2414 in
2581 2381 2745 2434 opere
2770 2379 2849 2414 su·

1834 2462 1931 2514 pra
1955 2444 2141 2508 citato,
2171 2440 2503 2496 Guischardo
2542 2441 2846 2505 assentitur3

1836 2535 1890 2577 et
1909 2523 1952 2575 is
1968 2534 2080 2577 erat
2093 2541 2228 2576 unus
2237 2522 2374 2577 inter
2386 2521 2852 2595 peritissimoemn·

1836 2604 2099 2657 nitionum
2123 2603 2428 2656 bellicarum
2453 2602 2847 2655 confectoresin

1837 2684 2130 2737 novissimis
2164 2682 2355 2736 nostris
2397 2681 2568 2735 bellis.
2599 2682 2849 2734 Praeteoea

1836 2763 2079 2815 nonnulli
2108 2761 2446 2817 eruditissimi
2476 2780 2541 2814 ex
2576 2759 2849 2814 Andani-

1837 2844 1979 2914 regia
2000 2842 2411 2913 Inscriptionum
2423 2879 2441 2907 ,
2456 2840 2524 2895 ad
2540 2839 2597 2894 id
2614 2841 2671 2893 in
2686 2841 2849 2894 consi-

1837 2921 1972 2974 lium
1986 2921 2210 2975 adhibiti
2220 2959 2236 2988 ,
2250 2920 2585 2975 Guischardo
2596 2934 2651 2973 et
2663 2920 2848 2974 Berlin-

1838 3003 1997 3071 ehem·
2019 3021 2221 3055 morem
2243 3013 2552 3073 gesserunt:
2573 3001 2765 3073 quibus
2786 2998 2849 3052 de

1841 3082 2007 3134 causis
2047 3081 2422 3154 ichnographia
2469 3094 2647 3135 nostra
2680 3098 2853 3134 secun·

1843 3159 2162 3214 dumeorum
2177 3161 2579 3233 explicationem
2603 3159 2851 3212 delineata

1844 3230 2169 3313 etexsculpta
2179 3241 2278 3293 fuit
2287 3236 2433 3303 (vide
2450 3238 2687 3304 tabulas).
2696 3236 2849 3305 Quod

1845 3321 1888 3374 si
1917 3322 2034 3392 quis
2064 3339 2234 3373 meam
2263 3321 2578 3374 sententiam
2603 3339 2631 3372 a
2656 3337 2846 3390 mepe·

1846 3413 1940 3465 tat,
1963 3419 2072 3453 non
2098 3419 2333 3454 recusem
2356 3400 2715 3473 profiteri,me
2729 3415 2845 3450 cinn

1845 3479 2113 3552 prioribus
2143 3480 2519 3550 interpretibus
2545 3479 2847 3534 consentire.

1848 3557 1954 3612 Sed
1980 3560 2172 3631 quibus
2202 3560 2494 3613 rationibus
2522 3558 2755 3612 innitar?
2781 3558 2848 3609 Ea

1848 3640 1973 3692 sola:
1987 3637 2414 3692 sc.mihividetur
2422 3652 2608 3693 contra
2620 3655 2851 3692 normam

1847 3719 1975 3771 belli
2004 3716 2218 3790 gerendi
2258 3709 2373 3771 talis
2411 3719 2547 3772 fossa
2570 3736 2585 3770 ε
2612 3730 2668 3771 et
2706 3717 2850 3771 lectio

1722 3799 1767 3851 si
1849 3795 2095 3851 codd.cn
2128 3797 2334 3871 ped.in
2366 3799 2543 3851 animo
2572 3817 2695 3850 meo
2730 3795 2852 3850 nihil

1849 3875 2072 3930 dubium
2089 3879 2339 3950 relinquit
2353 3916 2371 3943 ,
2388 3880 2521 3950 quin
2547 3896 2609 3930 ea
2628 3879 2698 3932 sit
2716 3875 2853 3949 operi

1850 3955 2141 4010 addicenda
2155 3970 2234 4021 ‚et
2254 3958 2369 4029 pari
2388 3956 2550 4010 modo
2559 3956 2854 4011 munitioni·

1849 4038 1949 4090 bus
1971 4038 2318 4090 exterioribus
2341 4036 2599 4091 addenda.
2614 4036 2852 4109 Alioquin

1851 4117 2029 4170 omnia
2043 4135 2225 4169 rerum
2237 4116 2542 4170 bellicarum
2560 4118 2854 4180 scientibus,

1851 4208 1904 4249 et
1931 4196 2221 4267 longiorem
2250 4196 2385 4250 banc
2404 4208 2585 4250 notam
2597 4196 2855 4269 permitto.

1938 4276 1988 4332 5.
2019 4277 2319 4330 Emer-:brem
2349 4277 2540 4331 lmeem.
2564 4277 2689 4331 Scit.
2719 4274 2856 4347 equi·
