3111 5147
730 561 870 629 DE
921 560 1192 629 URBE
1244 560 1832 631 AGENDICO.
2202 566 2357 660 479

209 707 506 793 apparet.
533 694 925 762 Ammianus
947 689 1244 762 Marcell.
1261 744 1281 779 ‚
1304 690 1344 760 Ι.
1371 712 1502 778 xV,
1524 717 1580 761 c.
1610 715 1635 761 1
1665 717 1689 763 1
1705 694 2039 782 ,nominat
2054 696 2359 767 Senones

209 797 332 892 (la
346 802 508 872 ville
523 798 612 871 de
633 800 808 870 Sens
823 793 853 889 )
868 813 937 868 et
957 801 1025 868 in
1046 797 1476 894 Lugdunensi
1498 801 1715 893 prima
1732 801 1951 895 ponit:
1973 824 2175 897 porro
2199 806 2358 873 Am-

215 912 412 983 mim.
430 907 599 977 duas
610 920 871 977 tantum
884 904 1365 1000 Lugdunenses
1376 909 1708 1000 agnoscit3
1722 904 1911 977 aliter
1922 910 2097 978 Sens
2107 924 2176 978 et
2186 913 2360 979 Pro·

217 1022 360 1091 vins
395 1028 553 1084 sunt
596 1015 665 1082 in
712 1012 1142 1108 Lugdunensi
1183 1027 1436 1107 quarta.
1485 1012 1846 1109 Eutropius
1883 1017 1951 1083 in
1988 1018 2323 1087 Breviario
2343 1072 2363 1105 ‚

219 1126 662 1215 Hiemnymun
704 1122 776 1188 in
808 1120 1178 1207 Chronico,
1201 1135 1268 1188 et
1301 1118 1686 1215 Fredegaris
1728 1122 2064 1191 civitatem
2101 1146 2365 1219 quoque

220 1217 580 1315 Senonas(
598 1228 773 1298 Sens
790 1220 818 1317 )
837 1224 1210 1322 appellant:
1240 1249 1444 1322 porro
1467 1226 1686 1297 nullus
1711 1248 1943 1298 eorum
1967 1230 2060 1298 ait
2075 1231 2365 1300 Senones

221 1327 494 1424 (Sens)
520 1333 934 1428 Agedincum
972 1332 1260 1419 dictum,
1285 1331 1391 1401 vel
1429 1354 1514 1402 ne
1551 1333 1734 1403 addit
1766 1335 2048 1404 verbum
2089 1360 2223 1431 quo
2268 1340 2366 1405 in·

225 1455 469 1511 nuatur
510 1442 805 1509 Senonas
849 1439 1084 1508 urbem
1119 1440 1421 1509 eamdem
1453 1462 1599 1510 esse
1636 1460 1717 1509 ac
1764 1441 2198 1536 Agedincum.
2251 1445 2367 1512 At-

225 1563 447 1618 tamen
497 1548 842 1616 notissima
891 1560 1036 1615 erat
1076 1545 1237 1615 urbs
1293 1546 1740 1641 Agedincum,
1770 1563 1839 1618 et
1880 1570 1961 1616 ex
2004 1550 2368 1619 Itinerariis

226 1654 520 1749 ejusdem
564 1655 718 1740 aevi,
748 1667 818 1722 et
856 1674 939 1723 ex
987 1651 1127 1722 aliis
1180 1653 1611 1749 scriptoribus
1645 1676 1725 1723 ac
1766 1650 2168 1724 viatoribus:
2204 1681 2368 1751 prae-

227 1777 406 1831 terea
428 1785 638 1855 usque
661 1759 748 1828 ad
775 1774 1081 1854 tempora
1104 1760 1365 1854 Regum
1391 1762 1799 1830 Francorum
1824 1763 2042 1857 stirpis
2068 1762 2373 1832 secundae

230 1867 658 1964 Agendicum
706 1867 995 1937 servavit
1036 1890 1282 1936 nomen
1324 1890 1520 1935 suum
1537 1920 1558 1955 ‚
1593 1890 1717 1937 nec
1753 1868 2183 1937 confunditur
2218 1895 2370 1938 cum

231 1973 628 2055 Senonibus.
677 1976 758 2041 In
806 1972 1040 2042 Annal.
1095 1975 1532 2042 Bertinianis:
1569 1976 1783 2043 Anno
1821 1996 2216 2065 ncchvm,
2258 1981 2383 2071 qui

231 2073 258 2170 (
289 2081 671 2152 Ludovicus
708 2082 1024 2151 German.
1061 2104 1195 2149 rex.
1220 2073 1436 2169 >KaL
1466 2080 1788 2176 septemb.
1824 2085 2244 2151 Ponteonem
2272 2108 2374 2152 re-

227 2194 421 2285 giam
466 2189 707 2258 vdloen
746 2186 1148 2274 adveniens,
1173 2210 1312 2284 per
1361 2188 1793 2259 Catalaunos
1836 2203 1911 2256 et
1953 2189 2377 2284 Cupedenses

237 2295 650 2392 Agedincum
672 2298 1001 2389 pervenit.
1036 2297 1208 2363 Item
1243 2316 1434 2363 anno
1466 2314 1800 2382 ῡοοοιικ,
1828 2296 2091 2364 Kar-lus
2125 2318 2254 2364 rex
2292 2297 2380 2364 Ii-

236 2402 484 2473 bellum
519 2406 986 2472 accusationis·
1019 2400 1344 2472 adversus
1373 2402 1827 2471 Guam'lonem
1862 2400 2215 2496 Agedinci,
2251 2402 2381 2472 Se-

236 2533 488 2581 nonum
518 2508 1112 2605 metropolitanum
1149 2513 1536 2605 epiro-opum
1546 2554 1572 2590 ,
1615 2508 1877 2602 synodo
1914 2512 2380 2608 episcoporum

225 2623 574 2714 porrz‘git‚·
613 2616 679 2684 id
719 2630 850 2702 est,
889 2617 1169 2711 porrigit
1204 2616 1582 2712 Agedinci,
1635 2615 1888 2710 synodo
1933 2618 2129 2711 epiw.
2186 2614 2382 2685 libell.

241 2724 676 2796 accusationis
718 2721 1034 2791 adversus
1068 2721 1330 2791 Guanil.
1369 2720 1716 2815 metropol.
1760 2724 1998 2792 Senon.
2037 2725 2127 2791 Et
2158 2747 2385 2792 rursus

244 2833 316 2900 in
351 2830 689 2902 Breviorio
730 2830 1126 2916 Senomnsi,
1167 2830 1235 2895 in
1273 2828 1441 2898 festo
1477 2830 1585 2897 SS.
1624 2829 1954 2897 Saviniani
1997 2843 2066 2897 et
2097 2830 2241 2898 Soc.
2296 2851 2386 2923 19

245 2951 376 3007 oct.
412 2935 498 3005 ad
530 2937 918 3022 matutinaS,
954 2948 1130 3003 noct.
1167 2956 1194 3002 1
1222 2957 1284 3020 1,
1321 2932 1467 3003 lect.
1500 2957 1601 3020 nt,
1634 2958 1716 3002 ex
1750 2934 2013 3020 Adone,
2036 2934 2351 3003 Usuardo
2371 2991 2391 3021 ‚

246 3041 612 3113 Odomnno
628 3095 648 3129 ‚
677 3054 801 3110 etc.
828 3066 843 3107 ε
876 3042 1290 3111 Savinianus
1312 3044 1671 3136 epiecopus
1680 3092 1704 3127 ,
1731 3045 1855 3133 qui
1873 3055 1945 3110 et
1970 3039 2392 3111 Sabinianus

246 3174 299 3218 a
341 3149 680 3238 Pontffice
711 3170 999 3216 romano
1033 3152 1104 3215 in
1144 3148 1419 3216 Gallias
1435 3200 1457 3233 ‚
1500 3161 1581 3215 ut
1611 3144 1710 3215 ibi
1753 3146 2082 3217 Christum
2119 3145 2390 3240 proedi-

247 3272 478 3343 earet,
525 3279 674 3324 cum
717 3257 1131 3322 Potentiano
1183 3269 1255 3322 et
1290 3254 1534 3323 Altino
1573 3258 1815 3322 missus
1829 3307 1853 3342 ‚
1904 3253 2137 3321 urbem
2180 3253 2392 3321 Seno·-

252 3387 416 3432 num
432 3416 452 3450 ,
502 3385 712 3455 quam
769 3358 1268 3428 celeberrimam
1324 3359 1678 3443 audierat,
1731 3364 2079 3428 constituit
2129 3358 2394 3428 adeun-

251 3469 417 3539 dam
470 3491 618 3537 esse
655 3465 819 3552 sibi,
867 3481 943 3533 ut
991 3465 1148 3534 inde
1191 3468 1560 3560 Evangelii
1576 3471 1895 3561 prenosa
1934 3471 2196 3534 semina
2209 3521 2231 3554 ,
2267 3479 2390 3535 etc.

251 3578 360 3644 En
385 3576 586 3669 igitur
621 3571 939 3669 oppidum
963 3572 1142 3667 quod
1171 3571 1371 3640 modo
1402 3572 1838 3666 Agendicum‚
1870 3570 2071 3641 modo
2105 3573 2397 3641 Senones

253 3679 700 3777 appellaretur
747 3678 831 3746 ab
875 3678 1165 3771 ejusdem
1217 3680 1339 3746 aevi
1375 3680 1666 3772 scriptu:
1702 3678 1882 3773 quod
1925 3702 2062 3747 non
2101 3680 2399 3772 impossi-

255 3787 387 3857 bile
431 3801 567 3875 est,
604 3786 816 3855 fateor
838 3837 858 3872 ,
904 3784 1018 3854 sed
1073 3786 1452 3853 inusitatum
1498 3783 1731 3853 saltem
1784 3799 2088 3879 respectu
2126 3782 2402 3853 aliarum

257 3895 526 3964 urbium
556 3946 575 3979 ,
612 3917 758 3986 quae
785 3945 804 3978 ‚
846 3905 924 3960 ut
970 3892 1505 3960 Durocortorum
1530 3943 1550 3976 ‚
1598 3893 2098 3985 Caesaromagus
2121 3943 2140 3977 ‚
2189 3890 2403 3960 Iulio·-

258 4025 494 4096 magus
514 4051 534 4086 ‚
572 4013 637 4067 et
673 3998 813 4068 aliae
841 3996 1169 4092 plurimae,
1208 4022 1344 4067 non
1370 3998 1729 4094 antiquum=
1756 4021 2001 4066 nomen
2035 3997 2174 4091 jam
2213 4013 2408 4068 antea

258 4111 604 4194 amissum,
629 4105 745 4174 sed
779 4128 1023 4174 nomen
1051 4105 1263 4197 gentis
1297 4118 1641 4198 receptum
1669 4117 1936 4172 servant
1967 4106 2035 4173 in
2066 4101 2311 4174 chartis
2342 4121 2409 4176 et

260 4214 610 4284 chronicis.
650 4210 850 4281 Unde
887 4208 1125 4304 colligo
1164 4234 1246 4282 ex
1281 4211 1384 4281 his
1422 4233 1622 4304 supra
1657 4209 1880 4299 dictis,
1901 4225 1967 4279 et
2000 4209 2411 4303 Agendicum
