3111 5147
837 540 990 639 496
1607 543 1674 612 D
1687 542 1747 611 E
1802 544 1866 612 G
1882 541 1940 610 A
1955 542 2014 611 L
2027 544 2086 611 L
2100 541 2132 609 Ι
2148 542 2209 609 A

828 674 1022 771 pulos
1037 728 1057 763 ‚
1080 674 1431 763 barbaros,
1453 673 1835 763 bellicoso5‚
1853 699 1895 744 3
1919 675 2161 770 quibus
2187 674 2371 770 ipsos
2403 672 2680 746 Gallos
2706 675 2967 746 orimus
3064 664 3065 715 }

829 781 1146 870 diximuS,
1174 783 1558 869 catamitoS,
1580 794 1650 850 et
1681 779 1811 850 alia
1831 781 2125 876 ejusdem
2156 781 2419 875 generis
2449 784 2672 870 vitia,
2700 809 2967 853 θοι-ωε

828 890 1026 959 etiam
1061 890 1334 958 nomina
1374 913 1460 959 ne
1497 890 1760 958 novisse
1797 886 2065 982 quidem
2106 901 2369 957 certum
2406 903 2545 958 est.
2576 892 2881 977 heims,
2913 892 2975 959 ὼ

828 996 1001 1064 Mor.
1035 997 1264 1065 Germ.
1288 1046 1307 1080 ‚
1334 994 1628 1089 loquitur
1654 994 1741 1063 de
1766 992 1912 1089 lege
1933 993 2111 1090 apud
2134 1019 2249 1063 eos
2272 997 2550 1064 sancita
2570 1050 2593 1083 ‚
2622 1023 2761 1091 qua
2786 1000 2975 1092 capite

827 1100 1278 1195 plecterentur
1298 1125 1586 1197 corpore
1609 1100 1951 1193 infames:
1982 1115 2052 1170 at
2088 1115 2549 1196 praeterquam
2582 1104 2775 1197 quod
2802 1103 2970 1173 lectio

825 1230 1110 1303 corpore
1158 1206 1460 1299 infames
1501 1205 1702 1275 dubia
1744 1220 1879 1294 est,
1928 1232 2008 1277 ea
2048 1208 2193 1303 ipsa
2239 1206 2346 1276 lex
2384 1210 2558 1278 satis
2602 1226 2835 1305 aperte
2872 1211 2970 1280 de·

826 1327 1193 1402 monstrat,
1232 1313 1365 1383 hoc
1402 1314 1640 1383 vitium
1673 1338 1810 1383 non
1854 1312 2054 1383 fuisse
2106 1337 2470 1384 commune
2521 1320 2713 1411 genti.
2764 1318 2969 1407 Quid·

825 1418 985 1514 quid
1040 1421 1218 1489 enim
1235 1474 1254 1508 ‚
1297 1419 1402 1489 vel
1461 1421 1820 1516 pessimum
1878 1422 1995 1508 sit,
2043 1446 2169 1493 usu
2220 1421 2582 1516 probatur,
2617 1448 2967 1516 nunquam

723 1617 733 1625 ·
825 1541 1043 1595 morte
1092 1526 1422 1621 plectitur.
1465 1526 1573 1596 Ad
1615 1525 1844 1598 Gallos
1884 1526 2086 1597 redeo
2134 1553 2149 1596 ε
2193 1528 2240 1595 ii
2277 1552 2419 1597 non
2466 1542 2721 1598 tantum
2765 1545 2963 1599 erant

825 1631 1153 1721 bellicosi,
1184 1633 1300 1702 sed
1325 1649 1394 1703 et
1418 1631 1868 1728 agricultum,
1889 1634 2051 1728 quin
2076 1648 2146 1702 et
2171 1636 2587 1706 commercio
2612 1634 2961 1731 plurimum

826 1738 1195 1809 studebant.
1227 1738 1412 1810 Nihil
1447 1741 1516 1808 in
1552 1754 1733 1809 terra
1765 1738 2000 1835 gallica
2030 1741 2351 1828 otiosum,
2379 1755 2460 1810 ut
2481 1743 2637 1835 jam
2669 1742 2956 1821 diximus,

822 1845 1106 1939 ideoque
1157 1870 1296 1914 non
1344 1847 1537 1915 otiosi
1590 1848 1752 1942 ipsi,
1797 1871 1920 1917 nec
1979 1847 2264 1916 barbari.
2322 1848 2717 1920 Aristotelis
2774 1852 2952 1947 igitur

824 1949 1133 2039 effatum,
1179 1951 1360 2046 quod
1407 1966 1588 2022 certe
1641 1977 1779 2021 non
1825 1953 2069 2048 probo,
2119 1978 2551 2049 nequaquam
2608 1956 2704 2025 ad
2748 1956 2950 2026 Gallus

823 2070 1093 2151 spectat.
1127 2057 1232 2129 Ad
1256 2059 1581 2128 rationem
1611 2084 1692 2129 ex
1730 2057 2082 2129 mulierum
2111 2062 2427 2130 servitute
2462 2065 2764 2156 petitam
2794 2080 2943 2133 trau·

825 2188 967 2253 seo,
998 2190 1143 2259 quae
1173 2166 1227 2235 si
1256 2164 1648 2261 generaliter
1673 2167 1991 2256 sumitur,
2011 2181 2090 2236 ut
2113 2169 2326 2262 prior,
2346 2182 2597 2238 contra
2620 2172 2939 2266 experim-

821 2272 981 2340 tiam
1006 2285 1180 2340 stare
1204 2297 1340 2341 non
1366 2271 1582 2342 valet.
1614 2274 1838 2342 Caesar
1867 2272 2134 2367 quidem
2165 2273 2332 2361 1.v1‚
2356 2299 2412 2343 c
2451 2298 2579 2370 19,
2602 2276 2814 2347 dixit:
2798 2284 2945 2347 ·wi

820 2381 893 2445 in
913 2401 1167 2448 uxores
1188 2384 1355 2449 vitoe
1369 2385 1687 2474 necisque
1705 2379 1967 2449 habent
1968 2396 2428 2477 potestatem,
2451 2395 2524 2449 at
2549 2382 2821 2471 nullibi,
2834 2409 2934 2453 nec

821 2482 998 2577 apud
1025 2488 1354 2555 Caesarem
1370 2539 1390 2575 ‚
1413 2510 1538 2554 nec
1566 2485 1744 2581 apud
1766 2484 1967 2554 alium
1993 2502 2333 2557 auctorem
2359 2490 2783 2583 reperimus,
2800 2489 2928 2560 Gal·

817 2587 917 2658 los
964 2615 1045 2658 eo
1079 2591 1228 2684 jure
1273 2589 1625 2660 crudeliter
1669 2590 1775 2661 vel
1830 2594 2029 2663 etiam
2074 2593 2326 2663 duriter
2359 2619 2517 2666 usos
2560 2596 2803 2684 fuisse,
2832 2599 2933 2668 nisi

815 2719 1022 2787 quum
1063 2694 1145 2764 de
1184 2698 1309 2764 viri
1348 2695 1643 2766 violenta
1679 2713 1895 2767 morte
1931 2703 2216 2796 suspicio
2262 2716 2452 2771 esset.
2491 2702 2692 2792 Quin
2732 2709 2933 2794 immo,

814 2825 896 2870 ex
936 2803 1081 2896 ipso
1118 2804 1409 2891 Coesare,
1435 2802 1585 2873 loco
1612 2807 1814 2875 citato
1829 2823 2188 2903 ,apparet‚
2214 2809 2440 2877 omnia
2472 2810 2661 2880 inter
2682 2815 2932 2882 maritos

809 2920 878 2976 et
901 2907 1178 2979 feminas
1202 2909 1402 2980 fuisse
1420 2915 1820 3001 communia,
1833 2915 2024 2983 sicuti
2038 2916 2312 2999 victum,
2333 2915 2687 3006 vestitum,
2700 2919 2933 2991 domos.

812 3029 973 3084 etc·
955 3030 1070 3104 ‚et
1089 3018 1156 3085 in
1181 3016 1402 3086 multis
1432 3018 1672 3113 praeliis
1692 3019 1979 3089 vidimus
2007 3020 2284 3090 feminas
2310 3045 2464 3091 cum
2491 3028 2764 3096 maritis
2777 3028 2935 3120 jum>

810 3134 934 3210 ῑ33,
963 3136 1161 3216 atque
1190 3126 1559 3195 communis
1588 3124 1864 3222 periculi
1885 3141 2061 3196 sorte
2089 3093 2448 3197 devinctas.
2475 3129 2692 3200 Unde
2713 3134 2934 3218 infun,

809 3227 1039 3298 Gallos
1064 3231 1245 3298 omni
1270 3244 1572 3326 tempore
1599 3247 1702 3302 sat
1723 3232 2136 3328 indulgentes
2169 3233 2368 3304 fuisse
2396 3238 2687 3308 maritos
2696 3265 2932 3336 ‚prope

805 3332 1032 3427 quales
1063 3334 1410 3431 descripsit
1454 3340 1754 3410 satiricus
1794 3355 2021 3410 noster
2060 3342 2380 3428 Boileau,
2424 3344 2560 3411 Sat.
2612 3348 2731 3415 X:

1041 3511 1187 3581 Car,
1220 3528 1390 3587 grace
1449 3529 1527 3566 an
1554 3509 1714 3569 droit
1741 3531 1885 3589 recu
1911 3511 2054 3570 chez
2084 3531 2192 3570 nos
2218 3511 2536 3587 Parisiens‚

1040 3608 1201 3662 Gens
1233 3604 1308 3662 de
1332 3603 1523 3663 donce
1554 3618 1763 3664 nature
1779 3651 1795 3679 ‚
1825 3620 1885 3665 et
1907 3609 2079 3665 maris
2105 3607 2257 3667 bons
2282 3609 2583 3670 chretiens
2599 3657 2620 3684 ,

1037 3703 1202 3757 Dans
1231 3720 1321 3758 ses
1345 3700 1715 3779 pretentions
1745 3723 1862 3761 une
1889 3704 2102 3762 femme
2135 3717 2223 3762 est
2249 3724 2380 3764 sans
2401 3705 2618 3779 borne.

901 3863 1228 3930 Praeterea
1251 3862 1645 3932 feminarum
1673 3864 2039 3935 fecunditas
2058 3919 2078 3955 ,
2109 3880 2176 3936 et
2201 3868 2549 3938 hominum
2576 3871 2917 3942 multitudo

795 3970 1148 4057 immensa,
1192 3967 1468 4064 coelique
1518 3972 1717 4040 etiam
1766 3974 2117 4066 temperies
2160 3978 2571 4046 contrarium
2619 3980 2915 4074 probant.

794 4076 1022 4164 Quum
1065 4076 1265 4170 igitur
1308 4101 1431 4146 nec
1494 4077 1633 4171 ipse
1688 4080 1946 4164 Caesar,
1995 4105 2119 4150 nec
2158 4080 2266 4150 alii
2317 4084 2682 4178 scriptores
2736 4087 2914 4156 bonae

791 4197 998 4267 notae,
1025 4183 1110 4252 de
1139 4180 1271 4253 hoc
1290 4184 1485 4270 vitio,
1508 4185 1693 4278 quasi
1719 4183 1927 4256 Gallis
1950 4186 2176 4275 insito,
2198 4187 2595 4283 loquuntur,
2621 4194 2777 4263 inde
2799 4192 2909 4263 col·
