3111 5147
719 495 880 569 ’350
1042 499 1119 565 C.
1174 494 1452 564 JULII
1506 492 1958 561 CAESARIS
2010 491 2555 561 COMMENT.

722 631 976 723 equites
1017 629 1330 713 invento,
1374 650 1498 720 pro
1551 625 1646 692 rei
1690 622 2073 693 necessitate
2113 637 2537 717 opportuno,
2576 636 2655 691 ut
2696 622 2863 692 bra·

726 735 876 804 chia
919 733 1119 804 modo
1173 748 1369 827 atque
1422 731 1682 799 humeri
1736 728 1821 798 ad
1877 728 2256 798 sustinenda
2299 753 2487 797 arma
2530 728 2719 797 liberi
2760 731 2869 799 ab

726 863 897 934 aqua
937 866 1079 910 esse
1120 852 1431 934 possent,
1472 837 1786 931 disposito
1829 837 2121 954 equitatu
2139 822 2189 922 ⁴,
2229 838 2341 928 qui
2382 837 2518 903 vim
2562 834 2868 906 fluminis

725 946 1049 1040 refringei
1049 960 1117 1015 et
1147 963 1405 1040 ,atque
1460 942 1755 1012 hostibus
1804 944 2019 1035 primo
2075 955 2347 1035 aspectu
2398 942 2825 1059 perturbatis·
2840 994 2868 1029 ,

726 1052 1123 1121 incolumem
1161 1051 1522 1119 exercitum
1592 1047 1933 1116 traduxit.
1980 1047 2513 1165 frumentumque
2562 1049 2629 1114 in
2675 1049 2865 1142 agris

728 1172 797 1226 et
830 1158 1086 1252 copiam
1124 1156 1378 1251 pecoris
1419 1168 1651 1223 nactus
1675 1153 2029 1282 ‚⁵'repleto
2014 1155 2088 1221 lis
2122 1152 2318 1221 rebus
2359 1154 2693 1239 exercitu,
2728 1155 2865 1221 iter

728 1263 796 1330 in
834 1265 1124 1331 Senones
1160 1262 1374 1329 facere
1407 1244 1743 1329 instituit⁵.

844 1370 1080 1437 LVII.
1126 1370 1309 1436 Dum
1342 1367 1483 1435 haec
1520 1364 1697 1461 apud
1754 1367 2080 1434 Caesarem
2124 1378 2443 1459 geruntur
2467 1417 2488 1450 ‚
2520 1365 2863 1435 Labienus

730 1498 810 1542 eo
865 1474 1320 1569 supplemento
1341 1526 1362 1559 ‚
1405 1472 1586 1566 quod
1638 1495 1851 1566 nuper
1905 1496 1984 1538 ex
2027 1469 2233 1539 Italia.
2273 1485 2545 1539 venerat
2566 1523 2588 1557 ‚
2624 1469 2860 1540 relicto

731 1579 1080 1675 Agendici‚
1107 1595 1182 1648 ut
1217 1593 1419 1649 essset
1449 1578 1928 1672 impedimentis
1962 1576 2296 1671 praesidio,
2325 1601 2476 1646 cum
2507 1577 2607 1645 IV
2650 1574 2857 1670 legio·

729 1686 922 1755 nibus
958 1687 1284 1755 Lutetiam
1320 1683 1774 1779 proficiscitur.
1813 1683 1895 1752 Id
1927 1697 2027 1752 est
2061 1681 2377 1778 oppidum
2414 1684 2807 1751 Parisiorum
2826 1736 2859 1771 ,

739 1897 744 1902 ·
815 1882 868 1939 4.
887 1877 1131 1946 Disposito
1149 1877 1364 1946 equitatu
1375 1913 1390 1937 ,
1407 1886 1497 1927 etc.
1524 1871 1751 1926 Modum

735 1953 1041 2007 transeundi
1092 1954 1327 2006 fluminis
1377 1953 1450 2006 ita
1500 1951 1752 2006 describit

735 2033 921 2105 Veget.
945 2034 1041 2086 lib.
1071 2052 1174 2100 ιιι,
1203 2052 1234 2102 7
1260 2034 1564 2104 :Explorato
1590 2033 1745 2095 vado,

737 2112 848 2166 duae
867 2117 992 2165 acies
1017 2116 1250 2184 equitum,
1274 2114 1435 2164 electis
1469 2113 1753 2165 animalibus

736 2193 1059 2254 ordinantur,
1092 2193 1353 2246 intervallis
1392 2192 1753 2263 competentibus

737 2286 993 2344 separatae,
1017 2287 1070 2325 ut
1079 2292 1170 2344 per
1187 2273 1386 2324 medium
1401 2272 1584 2343 pedites
1598 2283 1651 2321 et
1673 2276 1756 2322 ἰηι-

1836 1893 1951 1928 eam
1982 1874 2168 1927 Galliae
2204 1886 2434 1947 partem,
2470 1893 2589 1946 quat
2615 1878 2721 1945 jam
2761 1895 2856 1947 pa-

1836 1966 1948 2007 rata
1974 1952 2044 2006 ad
2069 1952 2419 2007 defectionem
2432 1993 2450 2019 ,
2473 1955 2858 2026 complecteba-

1838 2046 1928 2085 tur
1956 2034 2113 2086 simul
2134 2033 2391 2099 Senones,
2418 2033 2674 2100 Parisios,
2704 2035 2857 2088 Sues·

1837 2114 2008 2166 siones
2017 2151 2035 2178 ,
2048 2126 2102 2166 et
2116 2113 2432 2166 Bellovacos.
2445 2112 2608 2178 Quod
2620 2115 2663 2166 si
2674 2126 2859 2167 contr-a

1837 2190 1907 2244 ad
1929 2191 2132 2245 AEduos
2152 2191 2485 2258 tetendisset,
2502 2206 2555 2245 et
2573 2193 2629 2244 in
2653 2192 2859 2246 AEduo-

1838 2291 1960 2324 rum
2001 2272 2198 2325 finibus
2244 2272 2598 2337 constitisset,
2642 2273 2859 2325 armatis

730 2354 1002 2447 pedimenta
1022 2365 1280 2405 transeant.
1309 2352 1439 2403 Nam
1463 2355 1587 2403 acies
1616 2371 1753 2421 supe·

738 2437 864 2496 rior,
899 2451 1127 2504 aquarum
1155 2437 1370 2502 Impetum
1389 2433 1621 2500 snagin
1640 2434 1757 2497 inse-

740 2516 866 2575 rior,
917 2515 999 2584 qui
1027 2515 1158 2583 rapti
1195 2511 1507 2581 subruet-sique
1534 2509 1654 2576 fioer
1655 2514 1754 2577 int,

739 2593 925 2660 colligit
935 2602 1081 2662 atque
1095 2592 1375 2660 transponit.

741 2722 748 2725 .
823 2672 873 2722 5.
907 2671 1008 2722 Iter
1035 2672 1086 2720 in
1118 2668 1326 2722 Senones
1338 2670 1505 2736 facem
1529 2671 1756 2722 institutit.

736 2748 938 2820 Ligeris
947 2749 1194 2801 transitus
1203 2749 1258 2800 in
1268 2748 1470 2802 Caesare
1478 2749 1757 2802 maximam

738 2847 863 2882 sane
911 2827 1166 2900 peritiam,
1196 2828 1555 2899 egregiamque
1596 2827 1756 2881 auda-

738 2909 873 2967 ciam
888 2908 1057 2980 arguit
1075 2925 1089 2960 ε
1104 2921 1158 2961 at
1170 2921 1349 2962 noster
1362 2908 1578 2960 criticus
1608 2927 1755 2981 supr.

735 2988 944 3055 citatim,
966 2989 1148 3059 Turpia
1174 2989 1234 3040 de
1264 2988 1448 3051 Crine,
1475 2988 1641 3058 petit,
1660 3007 1758 3041 cur

738 3068 796 3120 in
821 3068 1052 3121 Senones
1075 3067 1255 3139 potius
1277 3086 1437 3138 quam
1467 3068 1523 3118 in
1554 3065 1757 3120 AEduos

738 3147 841 3200 iter
887 3148 1055 3200 facere
1091 3148 1263 3201 Caesar
1307 3145 1633 3201 instituerit?
1660 3165 1758 3199 cur

737 3239 905 3281 castra
944 3239 1167 3279 metatus
1188 3227 1245 3278 in
1271 3227 1389 3279 loco
1423 3239 1754 3297 opportuno,

738 3305 985 3359 videlicet
1013 3308 1069 3358 in
1098 3305 1294 3357 finibus
1317 3303 1645 3369 AEduorum,
1659 3307 1757 3358 La·

738 3386 899 3441 bieno
914 3404 1021 3438 non
1039 3383 1394 3448 mandaverit,
1418 3395 1475 3435 ut
1488 3382 1554 3436 ad
1585 3403 1640 3436 se
1666 3404 1754 3437 ve-

737 3466 879 3519 niret
897 3503 913 3531 ,
930 3463 1314 3535 adduceretque
1327 3480 1503 3517 secum
1517 3480 1575 3514 xv
1598 3463 1757 3535 legio·

738 3562 832 3597 nes
856 3543 984 3596 fidei
1010 3562 1117 3596 suo
1137 3543 1468 3607 commissas,
1492 3555 1550 3594 ut
1567 3581 1582 3607 ,
1601 3545 1755 3613 junc-

737 3624 805 3681 tis
834 3624 1064 3689 viribus,
1081 3642 1203 3676 cum
1231 3622 1378 3674 omni
1403 3623 1637 3675 exercitu
1658 3642 1755 3676 suo

736 3701 1014 3774 perfidiam
1049 3700 1346 3758 AEduorum
1384 3702 1723 3759 ulcisceretur
1739 3741 1756 3767 ,

736 3781 990 3854 impedita
1007 3781 1181 3853 prius,
1199 3782 1242 3833 si
1255 3793 1449 3853 posset,
1467 3782 1755 3853 Vercinge-

695 3907 702 3913 .
738 3862 920 3933 ton-igis
950 3881 1073 3915 cum
1099 3861 1182 3914 his
1203 3860 1512 3932 junctione?
1537 3863 1608 3915 At
1644 3881 1755 3917 non

736 3940 964 3997 advertit
974 3942 1056 3999 vir
1067 3942 1178 4013 ipse
1190 3942 1536 4013 peritissimus
1545 3942 1756 4008 Caesari,

740 4020 1019 4075 obsidione
1040 4022 1314 4093 Gergovioe
1340 4022 1508 4075 soluta
1522 4059 1538 4086 ,
1564 4021 1758 4074 Novio·

737 4097 883 4159 duno
896 4102 1156 4169 amisso,et
1167 4100 1352 4157 AEduis
1359 4102 1755 4166 rebellantibus,

737 4179 1064 4247 retinendam
1105 4182 1254 4253 prius
1290 4182 1449 4237 fuine
1487 4181 1547 4234 in
1578 4180 1756 4236 officio

1839 2351 1924 2403 his
1949 2364 2003 2403 et
2032 2352 2167 2417 illis,
2195 2352 2350 2404 simul
2371 2352 2673 2422 abuti-oque
2700 2352 2855 2405 hoste

1840 2444 1894 2483 et
1931 2430 2167 2501 undique
2200 2431 2490 2496 lacessitus,
2528 2431 2853 2502 presertim,

1840 2511 2259 2603 superveniente
2271 2529 2393 2564 cum
2432 2509 2674 2563 Arvernis
2711 2511 2857 2563 Ver-

1840 2591 2159 2662 cingetorige
2173 2628 2190 2655 ,
2219 2591 2331 2644 sine
2361 2589 2526 2643 dubio
2556 2588 2851 2658 cecidisset,

1839 2670 1923 2722 vel
1962 2690 2084 2724 cum
2134 2669 2318 2723 decem
2370 2671 2681 2742 legionibus.
2727 2671 2854 2724 Por-

1839 2768 1902 2802 ro
1924 2748 2251 2821 Agendicum
2264 2788 2282 2816 ‚
2304 2751 2575 2803 Senonum
2600 2748 2851 2823 oppidum

1839 2830 1977 2883 inter
1991 2831 2282 2901 Sequanam
2295 2843 2349 2883 et
2360 2831 2658 2883 Man-onam
2679 2831 2852 2896 situm,

1840 2908 2163 2963 Novioduno
2193 2911 2258 2962 ab
2297 2908 2485 2962 AEduis
2509 2922 2754 2982 recepto,
2783 2911 2853 2962 ob

1840 3008 1957 3042 eam
1986 3008 2101 3042 rem
2125 2989 2290 3041 solam
2318 2989 2509 3055 fiebat,
2539 2991 2584 3043 si
2609 2991 2684 3043 ita
2710 2989 2853 3063 loqui

1840 3070 1917 3121 fas
1933 3069 2002 3121 sit
2016 3067 2399 3141 ,expeditionis
2420 3070 2731 3135 umbilicus,
2756 3089 2855 3123 un-

1844 3146 1912 3201 de
1939 3161 1992 3201 et
2008 3149 2127 3201 illos
2156 3149 2450 3202 contineret
2484 3150 2539 3200 in
2558 3150 2775 3214 officio,
2805 3161 2860 3203 et

1840 3227 1937 3280 hos
1946 3229 2051 3281 vel'
2036 3248 2090 3279 m
2101 3229 2362 3281 tutissimo
2374 3228 2492 3281 loco
2502 3229 2858 3299 opperiretur,

1839 3308 1971 3359 vel
1955 3327 2066 3379 ipse
2104 3326 2226 3361 eum
2262 3297 2501 3361 omnibus
2528 3307 2637 3358 suis
2681 3309 2857 3378 copiis

1839 3386 2145 3452 lacesseret,
2184 3388 2358 3440 statim
2402 3399 2457 3439 ut
2494 3386 2594 3456 ipsi
2632 3386 2856 3441 facultas

1841 3463 2071 3518 daretur.
2118 3467 2377 3520 Miremur
2433 3467 2590 3537 igitur
2636 3467 2855 3520 (ἰωῆς

1838 3544 2206 3617 prudentiam,
2238 3560 2293 3599 et
2332 3547 2586 3599 fateamur
2631 3565 2784 3611 eum,
2809 3545 2850 3598 si

1839 3624 2251 3692 inconsiderate,
2267 3637 2319 3678 et
2352 3625 2465 3679 sine
2486 3644 2581 3697 spe
2609 3623 2851 3697 potiundi

1842 3704 2158 3777 Gergoviam
2193 3724 2456 3776 aggressus
2490 3716 2599 3770 est,
2636 3705 2851 3758 solertis-

1841 3784 1971 3837 sime
2014 3785 2151 3837 hane
2181 3788 2441 3857 jacturam
2475 3786 2773 3847 resur-sisse,
2799 3795 2847 3835 et

1841 3862 1907 3915 ad
1937 3863 2145 3917 laudem
2166 3883 2312 3917 suam
2332 3863 2628 3936 populique
2652 3864 2845 3916 mmani

1842 3944 2063 4014 gloriam
2075 3944 2407 3997 convertisse.
2418 3945 2583 3997 Ducis
2594 3945 2847 4037 precipua

1840 4022 1952 4076 laus
1974 4042 2084 4076 non
2110 4023 2328 4076 omnino
2356 4024 2414 4075 in
2444 4026 2644 4095 erroris
2674 4025 2845 4076 absen-

1843 4102 1915 4154 tia
1944 4104 2043 4156 sita
2066 4115 2173 4170 est,
2202 4101 2377 4155 sedin
2406 4104 2622 4173 peritia,
2653 4122 2755 4174 qua
2772 4100 2845 4155 vel

1840 4195 2010 4237 errata
2027 4184 2181 4250 vitat,
2196 4183 2280 4241 vel
2294 4181 2541 4236 emendat
2564 4183 2844 4241 commissa.
