3111 5147
585 513 723 580 DE
776 514 1117 583 BELLO
1171 517 1659 590 GALLICO.
1716 525 1902 594 LIB.
1957 529 2041 596 V.
2207 531 2357 604 205

231 642 505 712 bruma
537 643 1008 715 deserebantur
1021 632 1069 735 ³,
1097 662 1316 718 tamen
1350 675 1616 720 omnem
1645 679 1827 748 spem
1860 657 2082 748 salutis
2121 661 2188 729 in
2222 664 2354 733 vir-

233 763 376 817 tute
425 751 764 845 ponebant
782 806 802 840 ,
845 766 914 822 et
957 756 1210 846 quoties
1254 781 1528 851 quaeque
1586 761 1823 831 cohors
1867 785 2287 858 procurreret
2307 757 2353 857 ⁴,

231 855 320 924 ab
355 881 435 924 ea
476 873 667 951 parte
702 883 980 954 magnus
1023 860 1312 932 hostium
1361 889 1674 935 numerus
1724 868 2014 939 cadebat.
2076 875 2229 962 Qua
2281 900 2354 944 re

231 963 727 1053 animadversa,
758 966 1100 1034 Ambiorix
1134 972 1557 1062 pronunciari
1586 973 1806 1065 jubet,
1839 991 1914 1044 ut
1950 979 2181 1071 procul
2224 980 2356 1050 tela

230 1069 627 1162 conjiciant,
664 1096 794 1140 neu
820 1074 1090 1167 propius
1124 1076 1474 1162 accedant3
1501 1094 1569 1147 et
1592 1104 1792 1172 quam
1818 1082 1884 1149 in
1918 1098 2170 1175 partem
2218 1088 2352 1155 Ro-

232 1178 412 1243 mani
475 1177 796 1272 impeturn
862 1178 1138 1248 fecerint
1161 1235 1179 1267 ,
1232 1182 1514 1252 cedant:
1573 1183 1834 1254 levitate
1889 1212 2225 1258 armorum
2286 1208 2354 1262 et

232 1281 613 1373 quotidiana
656 1273 1155 1356 exercitatione⁵
1182 1288 1343 1357 nihil
1372 1291 1447 1358 iis
1481 1293 1704 1358 noceri
1746 1317 1978 1386 posse:
2020 1320 2245 1366 rursus
2281 1323 2352 1367 se

233 1386 321 1454 ad
363 1389 547 1481 signa
587 1392 972 1486 recipientes
1015 1394 1457 1487 insequantur.

336 1496 622 1565 XXXV.
681 1499 837 1585 Quo
864 1514 1194 1593 praecepto
1219 1501 1303 1568 ab
1339 1503 1415 1570 iis
1450 1500 1935 1596 diligentissime
1964 1507 2348 1596 observato,

235 1623 433 1693 quum
470 1604 795 1696 quaepiam
832 1606 1185 1675 cohors-ex
1219 1607 1380 1674 orbe
1415 1625 1780 1678 excesserat
1808 1625 2002 1704 atque
2028 1615 2348 1708 impetum

236 1704 509 1796 fecerat,
536 1709 761 1778 hostes
797 1710 1199 1781 velocissime
1235 1712 1661 1807 refugiebant.
1701 1718 1971 1785 Interim
2008 1743 2151 1787 eam
2195 1745 2344 1814 par·

237 1812 401 1879 tem¹
436 1813 669 1883 nudari
699 1840 961 1886 necesse
993 1834 1162 1907 erat,
1201 1833 1267 1887 et
1307 1819 1391 1887 ab
1435 1818 1636 1888 latere
1680 1836 1908 1915 aperto
1951 1822 2080 1892 tela
2122 1828 2342 1920 recipi.

235 1917 522 2005 Rursus,
548 1946 750 2015 quum
794 1924 862 1990 in
893 1948 1047 1992 eum
1091 1924 1344 2012 locum,
1372 1926 1548 1994 unde
1591 1943 1781 1995 erant
1820 1931 2145 2024 progressi
2163 1928 2208 2020 ²,
2244 1958 2345 2000 re·

237 2027 411 2091 verti
460 2040 821 2119 coeperant,
874 2044 941 2097 et
994 2029 1078 2097 ab
1129 2032 1203 2098 iis
1264 2033 1375 2124 qui
1437 2048 1801 2119 cesserant,
1844 2049 1912 2102 et
1962 2036 2045 2103 ab
2096 2038 2172 2105 iis
2233 2039 2347 2132 qui

233 2129 522 2222 proximi
562 2146 901 2221 steterant,
937 2124 1694 2226 circumveniebantur³;
1736 2139 1833 2207 sin
1870 2155 2087 2209 autem
2124 2140 2345 2211 locum

232 2314 376 2367 mani
401 2333 549 2385 pares
574 2315 910 2371 Eburonibus
942 2329 994 2371 et
1019 2337 1242 2371 numero
1329 2338 1541 2381 numero,
1578 2338 1686 2371 non
1727 2318 1921 2373 dicitur
1965 2323 2217 2393 aequaleS,
2251 2322 2347 2377 sed

234 2394 462 2448 militum
506 2406 558 2448 et
581 2397 793 2450 ‘virtute
829 2397 1059 2450 fuerint?
1098 2397 1242 2451 unde
1319 2418 1464 2470 pares
1487 2400 1772 2470 pugnando,
1800 2419 1862 2452 eo
1892 2402 2006 2472 ipso
2050 2403 2157 2454 scil.
2197 2402 2344 2474 quod

235 2475 368 2527 enim
381 2516 399 2543 ,
414 2488 468 2529 et
488 2495 518 2528 a
532 2493 640 2547 quo
653 2477 796 2529 hunc
820 2478 1131 2531 Eburonum
1152 2498 1241 2532 su·
1325 2492 1497 2532 essent
1547 2498 1771 2532 numero
1826 2481 2146 2551 superior-03⁸3
2191 2487 2344 2536 nostri

232 2558 776 2625 perioremnumerum
790 2576 1032 2631 accepere
1042 2557 1240 2613 critici?
1326 2552 1349 2621 (
1361 2559 1469 2613 scil.
1484 2556 1742 2623 Romani)
1761 2572 1915 2612 tamen
1929 2564 2045 2625 etsi,
2062 2575 2151 2616 etc.
2166 2562 2340 2616 Litem

233 2632 422 2703 dimne
436 2656 604 2709 quum
613 2637 748 2690 nihil
763 2638 816 2690 in
825 2637 1240 2708 prmcedentibus
1325 2639 1463 2692 inter
1491 2658 1588 2692 nos
1614 2639 1827 2693 dirimat
1851 2641 2031 2694 lector.

232 2732 510 2772 numerum
551 2717 738 2771 innuat
763 2720 1086 2788 superiorem
1107 2756 1123 2784 ,
1155 2718 1240 2772 vel

233 2794 549 2853 inferiorem.
584 2797 840 2851 Praeterea
889 2799 1007 2869 quis
1062 2798 1241 2853 eredat

232 2875 539 2931 Eburonum
564 2888 773 2949 gentem
804 2879 1055 2947 ignobilem
1080 2891 1128 2929 et
1150 2879 1237 2930 lzu-

233 2958 410 3020 milem,
445 2969 507 3010 ut
532 2957 646 3029 ipae
668 2959 741 3009 ait
771 2957 970 3023 ΟΜ,
995 2975 1109 3029 cap.
1139 2961 1238 3023 28,

230 3048 392 3092 tantas
421 3049 475 3089 et
514 3050 623 3089 tam
652 3054 953 3089 numerosas
992 3037 1241 3090 Romanis

230 3118 399 3187 eopia·
430 3135 703 3188 opponere
727 3115 994 3188 potuisse?
1017 3117 1239 3170 Minime

229 3209 374 3266 puto.
407 3197 520 3268 Ego
557 3197 719 3269 igitur
755 3197 1028 3268 interpreti
1070 3214 1240 3267 graeco

231 3276 506 3341 mention
533 3289 587 3329 et
632 3276 706 3330 ita
746 3277 1119 3347 intel-pungens
1149 3295 1238 3327 ex·

229 3354 363 3425 plico
394 3374 408 3408 :
438 3359 848 3409 erwttetvirtute
870 3368 1239 3427 etnunoempu·

227 3437 414 3503 ‘nandi
444 3455 589 3506 pares
624 3440 775 3489 nostri
815 3431 951 3497 (scil.
983 3432 1236 3497 Romani)

228 3513 504 3568 hostibus:
533 3528 686 3567 tumen
715 3520 830 3581 etsi,
853 3527 942 3567 etc.
967 3514 1084 3568 Hoc
1119 3515 1239 3568 loco

226 3606 304 3646 est
332 3591 610 3663 disparitas
634 3614 649 3649 ε
673 3613 796 3647 nam
835 3613 988 3666 pares
1023 3593 1239 3666 quidem

226 3687 378 3727 ωε
403 3672 640 3729 hostibus
681 3693 906 3728 numero
934 3687 985 3727 et
1014 3674 1238 3743 virtute,

226 3751 312 3806 sed
345 3772 376 3806 a
407 3750 631 3807 ducibus
660 3753 1064 3820 deserebantur3
1091 3753 1238 3807 ideo·

226 3849 323 3903 que
342 3851 497 3905 spem
519 3835 698 3888 salutis
722 3853 934 3888 omnem
957 3834 1014 3886 in
1044 3835 1240 3887 virtute

226 3914 510 3983 ponebant.
533 3914 703 3967 Aliam
730 3926 906 3967 autem
935 3913 1239 3985 explicatio-

226 4008 341 4046 nem
349 4004 408 4046 et
419 3993 901 4065 interpunctionem
912 3991 1061 4046 dedit
1075 3993 1241 4046 Ober-

226 4068 361 4127 linus
390 4084 516 4144 poet
564 4073 692 4126 alios
735 4074 1026 4145 permultos
1057 4090 1071 4123 ε
1104 4085 1243 4124 erant
1285 4127 1293 4135 ,

227 4162 272 4200 et
293 4157 476 4205 vit-uae
499 4166 552 4204 ee
578 4152 1049 4224 nmeropugnando
1065 4170 1234 4221 pares,

225 4226 278 4282 id
307 4243 419 4299 est,
449 4244 603 4289 erant
627 4230 1124 4297 hosmfflburones
1144 4226 1238 4293 sc.)

1409 2720 1462 2772 3.
1480 2719 1567 2773 Ab
1584 2721 1703 2772 duce
1716 2734 1765 2772 et
1771 2720 1977 2788 fortuna
1989 2722 2336 2776 deserebantur.

1325 2797 1458 2852 Sunt
1488 2801 1630 2852 enim
1659 2818 1744 2853 res
1773 2814 2000 2871 quatuor
2025 2820 2142 2873 quoe
2170 2804 2337 2856 victo·

1325 2879 1456 2931 riam
1506 2880 1721 2949 pariunt
1746 2896 1761 2930 ι
1805 2898 2087 2945 numerus,
2123 2882 2337 2935 fortitu·

1324 2955 1395 3008 do
1439 2957 1666 3009 militum
1681 2994 1699 3021 ,
1739 2955 1930 3011 ductus
1969 2959 2296 3029 imperatoris
2321 2999 2340 3027 ‚

1325 3037 1552 3089 fortuna.
1593 3037 1673 3088 Ex
1712 3036 1776 3088 iis
1820 3035 1938 3089 duae
1968 3037 2215 3089 Romanis
2244 3037 2339 3091 de·

1325 3117 1539 3168 fuerunt
1550 3133 1565 3167 :
1577 3116 1789 3168 fortuna
1809 3102 2153 3168 et‘consilium
2169 3114 2338 3170 ducis.

1403 3201 1458 3258 4.
1473 3197 1796 3247 Pmoun-eret.
1813 3195 1956 3247 Bene
1975 3214 2039 3247 ex
2067 3194 2178 3248 MS.
2203 3196 2340 3249 Nor-

1324 3276 1423 3327 vic.
1458 3288 1511 3328 et
1539 3286 1721 3327 nostro
1764 3274 1933 3346 5764.
1976 3275 2112 3340 Alii,
2135 3295 2337 3345 procur-

1325 3368 1466 3407 terat.

1410 3436 1461 3488 5.
1479 3436 1557 3487 Et
1574 3436 1853 3507 quotidiana
1877 3439 2223 3487 exercitatione.
2243 3436 2338 3487 Ar-

1323 3526 1528 3567 matura
1552 3515 1856 3581 Gallorum,
1883 3528 1935 3568 et
1964 3513 2188 3587 proinde
2202 3514 2338 3566 cele-

1322 3595 1449 3648 ritas
1473 3594 1539 3648 ad
1560 3594 1615 3647 id
1637 3615 1799 3666 genus
1817 3614 2006 3666 pugnae
2023 3595 2193 3666 aptior
2207 3605 2334 3646 erat.

1404 3674 1529 3727 Ου’.
1558 3675 1787 3727 XXXV.
1814 3693 1863 3727 ι.
1883 3675 2014 3727 Eam
2029 3686 2231 3744 partem.
2254 3672 2337 3724 Ita

1324 3764 1456 3822 optt.
1472 3751 1628 3805 codd.
1649 3756 1716 3805 At
1735 3752 1857 3806 edd.
1876 3754 2090 3823 vulgatt.
2109 3772 2164 3805 ea
2177 3762 2336 3821 parte.

1324 3832 1473 3884 Nihil
1499 3833 1731 3885 interest.
1760 3833 1889 3895 Eum
1912 3844 2099 3902 partem
2117 3870 2134 3896 ‚
2172 3828 2334 3888 κατὰ,

1323 3910 1629 3966 secundum.
1652 3911 1832 3963 Nostri
1843 3909 1999 3963 codd.
2023 3921 2334 3980 eampartem.

1409 4011 1459 4044 π.
1485 3993 1751 4060 Progressi.
1766 3989 1849 4042 Al.
1867 4002 1919 4043 et
1932 3988 2050 4043 cod.
2072 3990 2135 4041 R.
2163 3988 2333 4057 5763,

1324 4076 1510 4142 egressi.

1408 4152 1457 4203 3.
1501 4148 2008 4204 Circumoeniebanw.
2038 4148 2106 4199 Et
2149 4145 2204 4198 id
2243 4163 2337 4198 ne-

1325 4230 1545 4286 cessario
1557 4229 1868 4301 sequebatur
1881 4247 1910 4281 e
1917 4227 2139 4302 pessima
2151 4244 2341 4282 eorum
