3111 5147
511 538 652 607 DE
705 538 1056 607 BELLO
1111 539 2375 617 GALLICO.LIB.III.103

240 669 461 804 main'
468 671 818 759 ‚detractis
839 669 1224 740 cohortibus
1245 670 1526 761 duabus,
1546 687 1616 741 ct
1612 672 2082 793 compluribus
2096 677 2378 772 singilla-

379 775 429 866 '‚
449 779 566 872 qui
587 792 999 848 commeatus
1020 777 1287 873 petendi
1316 803 1514 849 causa
1535 781 1714 849 missi
1731 796 1949 870 erant,
1970 782 2372 856 absentibus
2360 840 2379 873 ,

238 898 523 979 propter
542 886 945 979 paucitatem
972 884 1457 980 despiciebant.
1485 900 1630 956 tum
1657 889 1885 977 etiam,
1902 888 2080 982 quod
2109 906 2383 987 propter

242 993 656 1087 iniquitatem
700 988 867 1079 loci,
895 1014 1103 1085 quum
1145 993 1268 1087 ipsi
1295 1016 1377 1061 ex
1412 994 1799 1063 montibus'
1781 1019 1850 1063 m
1878 994 2116 1065 vallem
2145 998 2380 1067 decur-

244 1112 473 1167 rerent
508 1110 577 1166 ct
618 1095 749 1166 tela
791 1098 1233 1229 conjicerent,
1262 1123 1345 1167 nc
1385 1100 1675 1194 primum
1719 1102 1981 1195 quidem
2026 1127 2218 1197 posse
2259 1107 2379 1175 im-

246 1218 477 1298 petum
538 1228 732 1273 suum
803 1190 1152 1274 sustineri⁸
1193 1205 1670 1275 existimabant.
1725 1208 2148 1298 Accedebat,
2200 1211 2380 1304 quod

248 1334 403 1380 suos
435 1310 522 1379 ab
555 1335 625 1380 se
659 1308 900 1380 liberos
940 1311 1305 1381 abstractos
1339 1311 1641 1381 obsidum
1683 1316 1951 1383 nomine
1985 1313 2378 1386 dolebant·
2315 1304 2381 1405 ⁴,

249 1431 315 1487 et
356 1418 698 1487 Romanos
715 1468 735 1505 ‚
771 1441 905 1487 non
941 1416 1154 1487 solum
1197 1418 1506 1487 itinerum
1548 1441 1747 1487 causa
1767 1471 1787 1507 ,
1834 1421 1948 1489 sed
1988 1424 2186 1492 etiam
2228 1448 2379 1517 per-

252 1538 463 1617 petuae
506 1524 932 1618 possessionis
952 1577 970 1611 ,
1001 1520 1290 1594 culmina
1330 1521 1596 1618 Alpium
1641 1549 1969 1620 occupare
2009 1531 2271 1616 conari,
2313 1543 2382 1600 et

250 1652 325 1698 ea
364 1630 515 1701 loca
552 1630 850 1699 finitimae
890 1631 1247 1726 provinciae
1279 1629 1636 1725 adjungere
1653 1684 1674 1719 ‚
1702 1631 1825 1701 sibi
1851 1656 2236 1726 persuasum
2272 1636 2382 1704 ha·

251 1735 511 1805 bebant.

359 1844 485 1910 III.
535 1844 677 1911 His
715 1843 971 1912 nunciis
1030 1841 1353 1937 acceptis,
1393 1841 1608 1912 Galba
1629 1895 1648 1930 ‚
1681 1867 1889 1937 quum
1947 1869 2162 1939 neque.
2212 1872 2379 1941 opus

258 1947 681 2017 hibernorum
726 1946 1283 2042 munitionesque¹
1308 1947 1501 2043 plene
1542 1963 1762 2020 essent
1803 1950 2139 2044 perfectae,
2168 1977 2380 2083 neque

260 2053 345 2123 dc
386 2055 712 2124 frumento
757 2055 1137 2149 reliquoque
1177 2070 1552 2125 commeatu
1594 2057 1748 2126 satis
1795 2071 1965 2126 esset
2005 2061 2372 2152 provisum
2360 2114 2380 2149 ‚

260 2160 473 2255 quod,
501 2161 823 2231 deditione
860 2161 1034 2231 facta
1070 2160 1532 2256 obsidibusque
1554 2163 1880 2292 accepti3‚
1906 2163 2068 2232 nihil
2095 2165 2178 2233 de
2206 2165 2380 2235 bello

262 2266 615 2338 timendum
669 2266 1204 2338 existimaverat²
1211 2252 1580 2355 ‚consilio³
1625 2267 1924 2338 celeriter
1976 2287 2343 2341 convocato
2361 2325 2379 2361 ‚

328 2443 455 2499 Cn.
472 2445 544 2496 11.
570 2463 592 2497 1
604 2484 617 2496 .
634 2444 801 2515 Neque
820 2463 923 2495 eam
931 2444 1268 2515 plenissimam.

256 2523 557 2578 plenissima
578 2521 776 2578 dicitur
790 2524 947 2595 legin,
967 2542 1085 2596 quc
1099 2523 1273 2595 legiti-

255 2621 395 2655 ιιιιιιιι
425 2603 688 2666 militum,
722 2604 1058 2657 tribunorum
1088 2616 1274 2657 centu-

251 2685 571 2755 rionumque
587 2701 868 2736 numerum
888 2683 1073 2749 habet;
1094 2695 1275 2754 estque

253 2764 514 2837 completa
543 2775 597 2816 et
625 2763 887 2816 absoluta·
912 2783 977 2814 au
1005 2763 1219 2834 complet.

331 2842 733 2913 mfflgillatim.
770 2842 1109 2914 Singulorum
1140 2842 1279 2895 mili·

253 2935 393 2990 tum,
416 2923 514 2995 qui
536 2923 731 2995 singuli
758 2921 1114 2975 discesserant.
1136 2922 1213 2975 M.

329 3005 380 3057 3.
407 3003 493 3057 Ne
504 3007 654 3074 prim.
686 3001 871 3075 quidem
888 3020 1027 3073 posse
1058 3006 1277 3072 impetum

256 3101 383 3135 m
406 3086 650 3135 sustineri.
670 3082 818 3135 Sumus
839 3079 1066 3135 excodd.
1079 3093 1131 3134 et
1152 3078 1275 3134 edd.

254 3163 408 3235 prisc.
430 3163 670 3215 restituit
689 3157 934 3215 Oudend.
958 3161 1175 3232 Legitur
1192 3179 1274 3233 ap.

252 3243 568 3307 nonnullos3
598 3241 679 3296 Ne
699 3246 903 3312 primum
933 3241 1118 3312 quidem
1138 3259 1280 3311 posse

254 3317 398 3383 (scil.
430 3322 697 3394 legionem
726 3317 1138 3390 illam)impctum
1172 3340 1279 3372 sus-

254 3405 413 3455 tinere.
447 3402 585 3467 Qua
621 3402 781 3454 lectio
809 3411 953 3453 certe
994 3400 1281 3472 elegantior

255 3493 354 3547 est,
367 3495 424 3535 et
439 3499 565 3534 cum
578 3499 729 3552 graec.
748 3481 969 3552 interpr.
985 3481 1279 3534 consentit.

248 3557 381 3613 Οὐδὲ
422 3564 515 3618 τὴν
568 3559 768 3632 sepsit-m
805 3566 934 3631 σφῶν
981 3560 1127 3632 ὁρμὴν
1168 3561 1280 3620 τοὺς

252 3628 506 3712 bauaima
521 3635 765 3704 δέξεσθαι.
782 3639 929 3694 Suum
944 3638 1098 3692 codd.
1114 3639 1284 3693 nostri

251 3720 519 3774 exhibent.

333 3807 388 3864 4.
432 3800 774 3853 Abstractos...
798 3798 1035 3850 dolebant.
1059 3797 1283 3854 Causam

255 3878 418 3945 banc,
438 3891 661 3951 eamque
686 3876 833 3932 haud
853 3876 1015 3933 dubie
1043 3877 1283 3950 gravissi·

254 3977 425 4025 mam,
455 3977 570 4031 ιιι-ω
598 3959 800 4013 ceteris
829 3972 979 4031 urget
1007 3959 1113 4011 Jul.
1145 3957 1281 4012 Cels.

254 4038 312 4091 iu
338 4039 455 4094 vita
485 4039 616 4094 coen.
655 4039 745 4103 54.
778 4038 855 4092 M.

331 4118 579 4173 Caum.
601 4137 623 4171 1
637 4159 650 4172 .
670 4118 808 4190 Opus
828 4117 1125 4170 hibernorum
1138 4119 1287 4169 muni-

256 4200 513 4271 tionesque.
537 4196 688 4270 Opus
717 4196 1077 4250 munitionum
1107 4194 1285 4248 hiber-

256 4275 900 4343 narum,etexodificatio
925 4275 1288 4339 tabernarum,

1358 2455 1412 2498 et
1430 2444 1932 2510 castrametationes,
1952 2458 2053 2499 etc.
2078 2445 2145 2499 H.
2162 2446 2197 2499 l.
2221 2450 2268 2501 lv
2289 2444 2380 2502 διὰ

1357 2519 1521 2589 δυοῖν,
1547 2536 1607 2576 ut
1636 2524 1766 2577 Bell.
1781 2524 1905 2579 civ.
1939 2525 1975 2579 l.
1997 2526 2041 2579 Ι.
2067 2545 2180 2599 cap.
2209 2546 2305 2594 ²03
2326 2541 2381 2583 et

1360 2602 1510 2675 virg.
1542 2602 1752 2658 AEneid.
1775 2604 1835 2671 I,
1858 2624 1909 2658 v.
1943 2605 2015 2659 65
2046 2625 2061 2661 ε

1480 2690 1749 2753 molemque
1763 2725 1777 2747 ‚
1796 2699 1843 2738 et
1860 2701 2040 2739 montes
2058 2693 2247 2755 insuper
2264 2696 2381 2742 altos

1421 2762 1663 2823 Imposuit.

1444 2863 1495 2896 ι.
1528 2844 1921 2898 Existimant-at.
1947 2845 2054 2897 Alii
2073 2849 2379 2900 existimaret.

1446 2924 1496 2975 3.
1533 2922 1765 2976 Consilia.
1784 2921 1900 2975 Hoc
1921 2924 2041 2976 loco
2060 2927 2284 2979 varietas
2304 2939 2383 2980 est

1361 3001 1620 3055 lectionis.
1675 3001 1834 3054 Multi
1879 3002 2119 3056 scribunt
2164 3005 2380 3058 concilio.

1363 3077 1543 3132 Ardua
1564 3093 1641 3132 est
1664 3080 1808 3132 enim
1828 3078 2099 3133 distinctio
2116 3082 2254 3135 inter
2274 3103 2383 3136 con-

1360 3161 1520 3211 silium
1531 3172 1586 3212 et
1596 3157 1858 3213 concilium.
1874 3160 2169 3215 Consilium
2178 3199 2195 3225 ,
2208 3162 2384 3232 inquit

1366 3239 1605 3293 Oberlin.
1625 3277 1643 3305 ,
1677 3240 1906 3292 refertur
1947 3239 2125 3312 potius
2154 3238 2221 3293 ad
2249 3239 2383 3294 deli-

1362 3319 1690 3374 berationem
1742 3320 1939 3390 ipsam3
1984 3319 2266 3373 concilium
2279 3358 2296 3386 ,
2317 3319 2385 3372 ad

1365 3399 1656 3472 quemlibet
1696 3410 1906 3451 coetum.
1947 3399 2276 3453 Generaliter
2326 3400 2385 3452 in

1365 3480 1562 3540 consilio
1590 3478 1835 3545 militari,
1864 3480 2111 3532 consilium
2127 3477 2256 3532 dant
2284 3480 2384 3532 im-

1364 3560 1600 3631 peratori
1616 3559 1772 3630 legati
1792 3572 1845 3612 et
1863 3560 2065 3612 tribuni
2084 3559 2386 3624 convocati3

1366 3639 1656 3692 consiliarii
1696 3637 1942 3710 adhibiti,
1964 3639 2021 3691 in
2060 3637 2387 3692 cubiculario

1368 3716 1497 3772 dant
1520 3716 1737 3772 consilia
1766 3718 1876 3790 regi
1894 3757 1910 3785 ‚
1931 3731 2029 3772 etc.
2062 3717 2166 3772 Sed
2196 3718 2251 3771 in
2281 3737 2391 3770 con·

1368 3798 1507 3861 citio,
1548 3795 1844 3851 deliberant
1875 3810 2075 3870 patres,
2113 3799 2198 3852 vel
2230 3798 2389 3868 legati

1368 3878 1709 3943 urbium,vel
1738 3878 2066 3948 magistratus
2092 3877 2392 3949 provincis-

1369 3974 1518 4023 rumg
1538 3975 1712 4029 neque
1731 3968 1938 4010 tautum
1958 3954 2277 4022 deliberant,
2298 3954 2390 4008 sed

1370 4049 1424 4091 et
1439 4035 1649 4090 decreta
1664 4037 1857 4090 ferunt.
1882 4037 2126 4090 Attamen
2147 4036 2393 4091 subtilius

1371 4118 1532 4190 paulo
1561 4114 1773 4170 videtur
1799 4114 1942 4169 istud
1979 4114 2262 4170 discrimen
2278 4154 2295 4183 ,
2327 4113 2394 4168 ad

1373 4195 1517 4269 quod
1534 4214 1805 4268 nunquam
1821 4197 2108 4269 respexisse
2129 4198 2393 4251 Romanos

1373 4274 1725 4343 crediderim,
1760 4276 2010 4349 quodque
2036 4279 2209 4334 nostri
2235 4273 2392 4332 codd.

2002 4373 2026 4416 s

1938 4409 1977 4480 7
