3111 5147
769 537 855 584 12
1036 514 1113 583 C.
1166 513 1446 582 JULII
1503 511 1967 582 CAESARIS
2021 511 2566 582 COMMENT.

758 646 871 739 qui
905 660 1046 714 erat
1075 645 1159 714 ad
1190 647 1564 733 Genevam,
1592 644 1783 738 jubet
1807 644 2107 713 rescindi.
2132 645 2268 714 Ubi
2296 644 2379 713 de
2410 644 2548 736 ejus
2580 641 2861 710 adventu

758 751 1039 820 Helvetii
1073 753 1383 821 certiores
1418 752 1575 820 facti
1610 765 1797 838 sunt,
1822 750 2070 845 legatos
2108 751 2191 819 ad
2232 775 2382 819 eum
2425 751 2728 835 mittunt,
2757 770 2863 815 no-

754 855 1100 926 bilissimos
1138 860 1418 927 civitatis
1432 912 1452 945 ,
1487 858 1673 950 cujus
1708 856 2049 951 legationis
2088 857 2400 926 Nameius
2441 870 2510 924 et
2536 854 2865 923 Verudoc·

754 963 880 1032 tius
916 966 1280 1060 principem
1310 963 1529 1033 locum
1566 963 1982 1051 obtinebant,
2008 964 2121 1057 qui
2154 963 2478 1049 dicerent,
2518 989 2552 1025 α
2582 960 2703 1030 sibi
2726 983 2864 1028 esse

760 1097 795 1132 t(
821 1070 888 1136 in
915 1073 1135 1138 animo
1153 1125 1173 1159 ,
1201 1072 1338 1139 sine
1364 1069 1499 1139 ullo
1526 1068 1846 1140 maleficio
1879 1071 2004 1138 iter
2028 1093 2146 1164 per
2178 1069 2592 1137 Provinciam
2616 1067 2860 1153 facere,

759 1202 794 1238 α
821 1190 1171 1270 propterea
1208 1176 1386 1271 quod
1423 1176 1599 1245 aliud
1636 1178 1759 1246 iter
1807 1176 2127 1245 haberent
2159 1174 2411 1243 nullum
2441 1199 2456 1240 ε
2498 1195 2763 1267 rogare,
2791 1185 2864 1241 ut

759 1308 796 1344 «
820 1281 960 1373 ejus
973 1281 1310 1351 voluntate
1336 1282 1403 1351 id
1429 1283 1551 1351 sibi
1574 1283 1789 1352 facere
1809 1282 2017 1352 liceat.
2033 1312 2065 1347 >2
2087 1285 2330 1369 Caesar,
2350 1279 2528 1376 quod
2548 1280 2862 1348 memoria

750 1387 1017 1456 tenebat
1077 1391 1153 1456 L.
1205 1389 1503 1458 Cassium
1555 1389 1912 1459 Consulem
1958 1392 2247 1458 occisum
2284 1376 2330 1475 ⁵,
2379 1388 2860 1480 exercitumque

749 1490 888 1584 ejus
932 1494 1016 1561 ab
1057 1492 1370 1564 Helvetiis
1415 1494 1679 1590 pulsum
1716 1510 1784 1565 et
1825 1496 1947 1565 sub
1978 1497 2212 1590 jugum
2255 1497 2525 1562 missum
2554 1480 2604 1579 ⁶,
2635 1515 2859 1559 conce·

746 1597 1034 1667 dendnm
1095 1625 1229 1669 non
1293 1603 1570 1696 putabat
1605 1628 1620 1669 ε
1668 1626 1878 1697 neque
1931 1602 2230 1670 homines
2286 1600 2550 1668 inimico
2607 1599 2858 1685 animo,

745 1703 899 1774 data
949 1705 1258 1775 facultate
1300 1732 1419 1801 per
1453 1710 1869 1777 Provinciam
1904 1710 2151 1777 itineris
2196 1705 2474 1776 faciendi
2489 1758 2508 1791 ,
2536 1719 2855 1799 tempera·

743 1823 928 1879 turos
964 1812 1048 1879 ab
1090 1813 1328 1905 injuria
1364 1827 1433 1881 et
1468 1812 1792 1882 maleficio
1834 1814 2260 1883 existimabat.
2296 1815 2542 1880 Tamen
2558 1864 2578 1897 ,
2603 1824 2679 1878 ut
2712 1834 2856 1904 spa·

742 1917 907 1984 tium
955 1917 1357 1987 intercedere
1399 1934 1653 2013 posset,
1680 1920 1838 1989 dum
1889 1918 2158 2006 milites,
2181 1944 2345 2012 quos
2389 1920 2857 2010 imperaverat,

743 2024 1203 2111 convenirent,
1226 2021 1454 2118 legatis
1480 2026 1850 2120 respondit,
1871 2055 1907 2091 α
1925 2025 2098 2094 diem
2121 2028 2145 2067 ⁷
2164 2050 2233 2093 se
2260 2024 2343 2093 ad
2365 2021 2857 2092 deliberandum

751 2154 786 2190 (ι
806 2143 1222 2222 sumpturum
1235 2156 1254 2218 ;
1269 2133 1320 2199 si
1343 2131 1501 2225 quid
1520 2130 1785 2221 vellent,
1804 2156 1859 2200 a.
1882 2131 1944 2200 d.
1961 2132 2106 2200 idus
2122 2133 2278 2224 Apr.
2299 2142 2849 2199 reverterentur.»

844 2235 1030 2303 VIII.
1050 2237 1311 2304 Interea
1327 2262 1404 2304 ea
1421 2236 1677 2331 legione
1691 2292 1712 2327 ,
1728 2262 1926 2333 quam
1944 2262 2165 2307 secum
2183 2237 2501 2322 habebat,
2523 2234 2857 2303 militibus·

739 2363 900 2432 que,
925 2342 1038 2434 qui
1073 2365 1153 2410 ex
1185 2344 1531 2412 Provincia
1577 2358 2054 2431 convenerant,
2084 2367 2123 2412 a
2157 2341 2306 2411 lacu
2340 2345 2714 2427 Lemanno,
2743 2341 2856 2434 qui

737 2446 808 2512 in
833 2445 1077 2514 flumen
1107 2448 1505 2517 Rhodanum
1529 2449 1744 2518 influit
1762 2449 1808 2539 ¹,
1824 2450 1908 2519 ad
1928 2463 2220 2519 montem
2241 2451 2278 2517 J
2280 2471 2468 2516 uram
2485 2447 2533 2535 ²,
2550 2447 2662 2540 qui
2690 2445 2879 2525 fines

737 2646 837 2681 nus
867 2628 1010 2683 hunc
1052 2642 1106 2683 et
1145 2629 1333 2686 eximia
1372 2631 1669 2700 celeritate,
1699 2647 1753 2688 et
1915 2634 2043 2688 Cn».
2073 2635 2228 2687 VIII.
2260 2651 2308 2685 ῐ.
2335 2632 2508 2702 Qm'in
2522 2631 2853 2703 flummflho-

738 2707 845 2759 acri
872 2708 1083 2778 ingenio
1110 2712 1361 2784 temporis
1391 2715 1647 2785 jacturam
1673 2733 1753 2767 re·
1835 2713 2010 2766 danum
2043 2715 2215 2785 infhaie.
2245 2713 2369 2765 Non
2397 2711 2567 2783 reipsa
2596 2711 2737 2763 lacus
2767 2711 2853 2763 in·

737 2786 943 2840 sambae
974 2789 1243 2844 fatendum
1281 2803 1374 2845 est.

823 2866 871 2918 5.
896 2868 957 2920 L.
985 2869 1203 2922 Cassium
1224 2876 1442 2925 occisum.
1466 2875 1567 2925 An.
1592 2873 1661 2925 U.
1686 2873 1748 2927 C.

737 2962 948 2999 ncuvt.
978 2949 1222 3021 Epitome
1244 2952 1359 3005 Liv.
1382 2953 1418 3004 l.
1445 2953 1536 3006 65.
1573 2953 1669 3005 Ob.

816 3029 872 3080 6.
894 3026 994 3080 Sub
1012 3032 1202 3100 jugum.
1227 3030 1381 3085 codd.
1403 3033 1640 3104 plerique
1664 3034 1752 3085 sub

725 3107 878 3174 Ῑαςυ,
926 3108 1069 3178 quod
1118 3112 1381 3182 reperitur
1430 3111 1571 3183 apud
1623 3113 1750 3166 alios

732 3185 935 3256 scriptt.
958 3188 1104 3253 Lim,
1130 3190 1166 3242 l.
1202 3208 1269 3242 111
1287 3230 1305 3258 ‚
1327 3211 1373 3246 c.
1410 3193 1479 3244 28
1508 3210 1522 3245 :
1545 3194 1632 3244 sub
1662 3193 1750 3243 hoc

726 3266 854 3333 jugo
883 3266 1091 3317 dictator
1099 3269 1299 3322 AEduos
1328 3275 1469 3323 misit.

815 3361 868 3412 7.
901 3345 1044 3397 Diem
1070 3367 1120 3398 se
1145 3349 1215 3399 ad
1237 3348 1601 3403 deliberandum.
1627 3351 1749 3403 Non

734 3419 875 3475 diem
914 3423 1234 3493 natm-alem,
1263 3441 1323 3480 ut
1350 3429 1640 3500 loquuntur
1669 3448 1748 3483 as·

734 3504 1011 3557 tronomici
1021 3542 1037 3570 ‚
1047 3504 1137 3558 sed
1150 3507 1375 3578 spatium
1393 3507 1606 3581 aliquod
1622 3521 1749 3561 tem·

673 3587 707 3622 0
731 3582 893 3653 poris.
904 3583 1187 3657 sicVirgil.
1204 3586 1411 3640 AEneid.
1428 3606 1575 3654 11‚v.
1599 3591 1707 3653 425
1732 3606 1745 3641 t

730 3671 1009 3780 {path-(113,
1018 3674 1261 3781 :1:31qu
1274 3675 1407 3721 labor
1419 3676 1653 3723 mutabilis
1664 3678 1750 3723 aevi

1128 3752 1451 3784 ...........

732 3822 840 3874 Ubi
884 3823 1092 3880 Servius
1129 3845 1144 3880 ε
1179 3828 1278 3880 dies
1320 3841 1473 3881 autem
1488 3870 1501 3892 ,
1551 3842 1743 3902 tempus.

732 3922 810 3936 -
826 3902 941 3957 Hoc
971 3906 1088 3959 loco
1117 3909 1297 3961 mirari
1333 3910 1488 3962 simul
1517 3922 1571 3962 et
1607 3911 1745 3963 vitu·

729 3997 915 4050 perure
959 3986 1081 4038 licet
1123 3989 1341 4042 nimiam
1384 3990 1746 4044 Helvetiorum

729 4060 1088 4118 credulitatem
1105 4105 1123 4131 ‚
1149 4069 1241 4139 qui
1278 4070 1507 4142 primum
1549 4071 1745 4142 legatos

729 4140 948 4194 mittunt
967 4181 984 4208 ,
1043 4143 1236 4200 deinde
1297 4161 1502 4221 tempus
1555 4169 1744 4204 conce·

730 4216 889 4284 dunt,
912 4239 971 4273 ea
1001 4241 1092 4294 spe
1117 4227 1238 4278 freti
1262 4245 1318 4282 te
1345 4230 1622 4283 transitum
1645 4249 1744 4302 per

730 4296 1061 4356 Provinciam
1082 4324 1114 4354 a
1137 4305 1326 4359 Coesare
1345 4312 1685 4379 impuram-os.

1835 2792 1954 2846 fluit
1978 2794 2035 2846 in
2061 2793 2285 2857 flumem
2305 2789 2398 2844 sed
2423 2790 2620 2843 flumen
2646 2808 2677 2842 e
2704 2808 2856 2842 mon·

1835 2873 1976 2926 tibus
2036 2872 2260 2926 torrenti
2313 2870 2482 2924 simile
2535 2869 2819 2922 decus-rem
2833 2907 2852 2936 ,

1834 2952 2052 3023 planitie
2079 2963 2284 3024 repert·
2299 2989 2316 3016 ‚
2342 2951 2514 3003 lacum
2550 2949 2714 3001 efficit
2746 2949 2856 3002 Le·-

1836 3051 2113 3098 mannm,
2134 3051 2165 3084 e
2184 3050 2290 3103 quo
2309 3027 2503 3084 deinde
2526 3028 2852 3100 angustiores

1831 3112 1973 3185 ripas
1987 3124 2200 3166 nactum
2222 3110 2474 3174 exeun-it,
2488 3108 2638 3161 fluvii
2652 3127 2851 3161 nomen

1834 3204 1885 3246 et
1921 3193 2125 3245 alveum
2160 3190 2434 3262 recipiens.
2466 3186 2570 3241 Sed
2605 3200 2850 3259 respectu

1833 3272 2049 3324 Caesaris
2065 3310 2082 3337 ‚
2109 3271 2202 3342 qni
2229 3271 2496 3341 regionem
2521 3268 2731 3339 penitus
2757 3286 2850 3320 su-

1830 3368 1928 3422 pra
1946 3351 2116 3404 lacum
2137 3351 2290 3403 sitnm
2318 3368 2427 3402 non
2453 3359 2693 3410 noverat,
2710 3348 2849 3399 bene

1831 3429 2031 3483 dictum
2063 3448 2077 3483 ε
2118 3430 2221 3501 Qui
2260 3434 2310 3481 in
2337 3430 2524 3501 flumen
2561 3426 2847 3478 Rhodanum

1833 3511 2023 3581 ἐπιβαίη
2051 3528 2174 3563 nam
2209 3521 2348 3562 certe
2379 3509 2519 3561 lacus
2553 3506 2611 3559 in
2643 3506 2846 3558 flumen

1831 3588 2051 3642 influere
2093 3588 2318 3642 videtur.
2359 3589 2640 3659 perperam
2682 3584 2846 3655 igitur

1830 3668 1966 3721 hanc
1987 3670 2264 3723 lectionem
2283 3668 2591 3740 perturbare
2615 3676 2849 3718 tentave-

1829 3760 1957 3800 runt
1985 3747 2619 3814 Rhenanus,Glu-eanus,
2642 3756 2697 3797 et
2725 3744 2843 3811 alii,

1830 3827 2196 3881 emendantes:
2216 3829 2538 3900 quemflumm
2559 3823 2844 3877 Rhodanum

1831 3909 2002 3979 influit.
2034 3909 2171 3961 Nota
2201 3908 2483 3960 Rhodanum
2506 3923 2608 3976 pro
2641 3903 2844 3956 Rhoda·

1830 4006 1917 4039 nus
1946 3989 2002 4041 in
2031 3986 2339 4042 nominandi
2373 4004 2526 4049 casu,
2558 3981 2844 4048 mendose,

1828 4068 1872 4120 si
1900 4067 1967 4121 ad
1986 4069 2203 4123 Caesaris
2231 4067 2424 4137 stylum
2453 4063 2756 4135 respexeris.

1912 4150 2032 4203 ’.Α
2059 4150 2168 4201 lacu
2197 4143 2612 4200 Lemannomad
2639 4153 2842 4196 monta»

1826 4228 2011 4281 Iuram.
2043 4241 2131 4280 εκ.
2162 4228 2231 4279 Et
2273 4226 2417 4278 hunc
2460 4225 2645 4276 locuni
2679 4222 2843 4273 innu-

1825 4310 1984 4364 meris
2015 4325 2183 4379 prope
2219 4304 2398 4376 glossis
2430 4304 2846 4364 obscuraverunt
