3111 5147
583 543 724 611 DE
777 543 1126 611 BELLO
1170 544 1666 613 GALLICO.
1716 548 1906 616 LIB.
1960 551 2045 618 V.
2255 576 2392 651 177

253 688 546 744 structas
583 677 852 744 invenit.
886 676 1141 744 Eodem
1177 677 1378 745 totius
1420 676 1650 746 Galliae
1684 683 2011 773 equitatus
2050 690 2398 778 convenit,

253 806 546 851 numero
586 781 864 850 millium
900 797 1213 876 quatuor,
1245 784 1703 878 principesque
1728 789 2035 858 omnibus
2062 815 2144 858 ex
2171 794 2397 863 civita·

253 888 472 958 tibus:
499 914 582 958 ex
611 889 851 983 quibus
883 913 1284 983 perpaucos,
1308 915 1592 982 quorum
1621 893 1690 958 in
1717 917 1788 960 se
1815 893 2014 963 fidem
2049 895 2395 994 perspexe-
2460 949 2469 959 .

257 1010 364 1063 rat
382 1049 404 1082 ‚
447 994 820 1089 relinquere
874 997 942 1061 in
991 994 1206 1065 Gallia
1225 1049 1244 1083 ‚
1289 995 1574 1089 reliquos
1626 998 1931 1069 obsidum
1975 1001 2124 1073 loco
2170 1031 2395 1076 secum

257 1100 505 1170 ducere
583 1101 1011 1189 decreverat3
1065 1102 1246 1197 quod
1266 1156 1285 1191 ,
1336 1128 1541 1197 quum
1600 1107 1739 1199 ipse
1791 1106 2048 1178 abesset
2070 1164 2089 1199 ,
2138 1128 2394 1183 motum

257 1207 495 1278 Galliae
527 1208 900 1277 verebatur.

366 1316 486 1383 VI.
523 1317 687 1384 Erat
727 1339 860 1383 una
902 1339 1055 1384 cum
1095 1317 1348 1384 oaeteris
1391 1319 1768 1386 Dumnorix
1809 1321 2094 1411 AEduus‚
2136 1324 2220 1393 de
2255 1351 2395 1445 quo

259 1445 300 1488 a
339 1421 528 1490 nobis
565 1436 760 1490 antea
792 1421 1043 1490 dictum
1066 1421 1226 1491 est¹.
1261 1426 1459 1492 Hunc
1495 1448 1719 1493 secum
1748 1426 2029 1496 habere²
2060 1431 2128 1497 in
2166 1433 2395 1553 primis

261 1530 727 1615 constituerat,
763 1528 941 1622 quod
987 1553 1140 1596 eum
1186 1528 1499 1646 cupidum
1544 1554 1765 1598 rerum
1811 1557 2169 1625 novarum,
2209 1542 2394 1633 cupi·

261 1633 418 1702 dum
463 1636 758 1729 imperii,
801 1637 1025 1729 magni
1066 1635 1303 1724 animi,
1340 1660 1597 1729 magnae
1631 1639 1803 1706 inter
1843 1638 2070 1710 Gallos
2110 1648 2392 1713 auctori-

261 1743 410 1808 tatis
439 1757 924 1836 wcognoverat
974 1741 1350 1811 Accedebat
1391 1743 1524 1810 huc
1553 1744 1842 1837 ,quod
1819 1768 1957 1838 Jam
2003 1750 2072 1815 in
2115 1749 2396 1821 concilio

267 1847 626 1915 AEduorum
660 1850 1034 1917 Dumnorix
1067 1848 1354 1937 dixerat,
1386 1849 1507 1917 sibi
1550 1872 1590 1916 a
1629 1853 1888 1919 Caesare
1924 1877 2201 1985 regnum
2236 1859 2394 1925 civi·

268 1955 419 2021 tatis
441 1953 705 2024 deferri:
726 1955 906 2049 quod
938 1955 1187 2024 dictum
1223 1955 1418 2023 AEdui
1456 1959 1744 2048 graviter
1778 1946 2113 2028 ferebant³
2118 1987 2394 2057 ‚neque

266 2059 607 2128 recusandi
670 2077 784 2130 aut
854 2048 1304 2156 deprecandi*
1360 2085 1560 2130 causa
1614 2061 1863 2156 legatos
1922 2065 2006 2133 ad
2063 2069 2393 2138 Caesarem

267 2167 528 2234 mittere
572 2168 916 2238 audebant.
975 2168 1056 2236 Id
1118 2168 1368 2236 factum
1419 2192 1500 2236 ex
1550 2170 1684 2236 suis
1743 2170 2111 2264 hospitibus
2171 2177 2395 2245 Caesar

265 2289 681 2366 cognoverat.
720 2274 842 2344 Ille
882 2274 1189 2343 omnibus
1236 2276 1450 2369 primo
1496 2276 1801 2368 precibus
1853 2291 2075 2371 petere
2119 2295 2391 2349 conten-

261 2378 389 2467 dit,
425 2383 595 2449 utin
626 2379 842 2450 Gallia
879 2379 1390 2475 relinqueretur3
1414 2384 1690 2475 partim,
1725 2382 1903 2475 quod
1940 2386 2233 2456 insuetus
2276 2412 2390 2456 na-

262 2487 524 2581 vigandi
577 2512 761 2556 mare
815 2490 1121 2576 timeret3
1165 2488 1405 2583 partim
1429 2539 1451 2575 ‚
1502 2487 1681 2582 quod
1735 2487 2156 2583 religionibus
2183 2479 2205 2515 ⁵
2252 2518 2393 2563 sese

264 2592 508 2664 diceret
546 2595 865 2690 impediri.
897 2596 1332 2689 Posteaquam
1357 2594 1424 2661 id
1445 2595 1773 2663 obstinate
1796 2596 1917 2664 sibi
1948 2601 2174 2693 negari
2198 2601 2392 2690 vidit,

266 2704 436 2769 omni
470 2727 589 2796 spe
618 2702 1013 2796 impetrandi
1035 2701 1371 2795 adempta,
1394 2702 1723 2795 principes
1751 2700 1980 2772 Galliae
2012 2704 2393 2796 sollicitare,

269 2830 574 2878 sevocare
610 2808 899 2902 singulos
946 2809 1328 2901 hortarique
1375 2810 1610 2900 coepit,
1636 2810 1735 2875 uti
1773 2810 1855 2875 ins
1889 2814 2249 2881 continenti
2290 2840 2391 2882 re-

269 2930 655 3003 manerent3
691 2929 871 2983 metu
911 2915 1245 3002 territare,
1281 2937 1418 2981 non
1452 2915 1592 2981 sine
1624 2936 1823 2981 causa
1850 2913 2030 3002 fieri,
2066 2932 2143 2985 ut
2177 2920 2391 2989 Gallia

269 3025 442 3091 omni
474 3020 816 3090 nobilitate
852 3019 1273 3117 spoliaretur:
1309 3019 1377 3087 id
1408 3042 1549 3086 esse
1582 3016 1927 3087 consilium
1950 3023 2263 3109 Caesaris,
2284 3041 2392 3113 ut,

348 3235 476 3288 Cn».
493 3235 592 3286 VI.
613 3252 663 3287 1.
683 3235 846 3286 Antea
863 3233 1040 3285 dictum
1053 3244 1137 3283 est.
1154 3230 1282 3284 Vid.
1363 3234 1554 3302 pmoari
1598 3248 1674 3281 no-
1699 3230 1819 3303 qm'd
1848 3227 1969 3299 fiat.
1997 3258 2078 3275 .....
2108 3231 2387 3287 Audebunt.

269 3332 406 3387 supr.
435 3317 472 3367 1.
501 3316 560 3378 1,
592 3333 637 3366 c.
661 3314 714 3366 3.
1363 3310 1713 3379 *numum-igis
1736 3324 1899 3363 metu.

349 3393 1086 3448 2.Secwn12ahm.Al.d1oem.
1456 3392 1505 3443 5.
1545 3390 1697 3460 Quod
1735 3391 2060 3461 religionibus.
2090 3392 2388 3448 Hotmanus

352 3476 403 3528 3.
465 3474 617 3543 Quod
656 3475 832 3525 dionem
875 3472 1042 3524 Αἰτίαι·
1074 3473 1288 3541 guaim-

262 3554 500 3620 serebant.
533 3555 652 3606 Non
695 3565 872 3605 tamen
924 3552 996 3603 ob
1039 3551 1096 3604 id
1140 3549 1284 3622 quod

272 3634 566 3686 Dumnorix
600 3624 832 3698 diceret,
865 3648 1023 3705 quam
1063 3630 1206 3702 quod
1256 3646 1285 3682 a

270 3714 475 3768 caesare
502 3725 754 3766 statutum
789 3711 1100 3776 crederent,
1124 3722 1186 3763 ut
1227 3709 1285 3762 in

266 3805 575 3865 potestatem
631 3792 979 3862 Dumnorigis-
1023 3790 1281 3842 venirent.

268 3873 428 3926 AEdui
458 3887 659 3938 autem,
684 3884 746 3924 ut
782 3876 889 3942 jam
920 3864 1174 3935 di‘iximus,
1201 3888 1284 3921 re·

267 3952 494 4006 tinendae
508 3952 766 4006 libertatis
780 3950 1067 4004 admodum
1081 3947 1282 4020 cupidi.

345 4041 396 4097 4.
427 4033 543 4087 Aut
555 4033 852 4104 deprecandi.
873 4031 978 4083 Alii
1002 4050 1161 4102 neque.
1181 4027 1284 4081 Sed

265 4125 348 4164 aar
382 4114 582 4166 rectius
621 4112 847 4176 dicitur3
877 4129 988 4162 non
1027 4110 1168 4161 enim
1202 4108 1285 4159 bi-

263 4194 543 4258 membris,
566 4191 661 4245 sed
679 4190 898 4263 simplex
921 4189 1282 4243 sententia.—

264 4272 539 4344 Deprecari.
557 4268 718 4344 Apud
744 4284 880 4344 optt.
908 4270 1187 4340 scriptores
1207 4279 1284 4321 ent

362 4388 418 4451 J.

1371 3471 1512 3541 eupit
1527 3468 1596 3521 de
1609 3482 1733 3522 voto
1761 3469 2037 3537 obeundo,
2049 3472 2133 3525 vel
2150 3471 2218 3525 de
2234 3476 2388 3544 justis

1369 3548 1659 3615 solvendis;
1678 3561 1730 3601 at
1744 3551 1935 3602 melius
1944 3564 2215 3622 exponunt
2227 3554 2388 3606 Rbel-

1369 3627 1570 3682 licanus
1585 3643 1637 3681 et
1650 3629 2034 3701 Glandmpim3
2050 3630 2195 3701 quod
2212 3634 2389 3686 omina

1368 3710 1452 3761 vel
1473 3710 1705 3780 auspicia
1726 3723 1897 3761 essent
1922 3711 2025 3762 sibi
2047 3710 2278 3765 adver-sai
2302 3712 2389 3765 Sic

1369 3789 1663 3841 Pharnaces
1681 3788 1821 3859 apud
1843 3790 1981 3841 Hirt.
2000 3789 2070 3841 de
2088 3791 2210 3843 bell.
2235 3792 2385 3847 Alex.

1370 3875 1535 3938 (3.74.
1570 3869 1650 3921 Eo
1681 3869 2017 3921 verisimilior
2042 3870 2154 3923 haee
2175 3882 2388 3924 senten·

1371 3948 1470 4012 tia,
1501 3946 1649 4017 quod
1672 3946 1819 4019 apud
1832 3948 2011 4001 Gallos
2038 3962 2187 4001 erant
2214 3964 2386 4016 vates,

1370 4028 1491 4098 qui,
1512 4025 1601 4078 διαί
1623 4047 1678 4079 τι
1705 4033 1793 4086 τῆς
1810 4029 2185 4095 οἰωνοσκοπίας,
2200 4032 2282 4084 καὶ
2301 4028 2391 4085 διὰ

1370 4111 1458 4169 τῆς
1482 4114 1580 4159 τῶν
1613 4107 1790 4177 ἱερείων
1823 4110 2022 4172 θυσίας,
2050 4108 2119 4161 τὰ
2146 4112 2386 4180 μέλλοντα

1369 4189 1653 4258 προλέγουσι
1666 4227 1681 4251 ,
1696 4187 1781 4239 καὶ
1802 4190 1902 4239 πᾶν
1922 4189 1979 4241 τὸ
2001 4192 2181 4251 πλῆθος
2199 4192 2386 4260 ἔχουσιν

1368 4265 1890 4323 ὕπῆκοον.])ἱο(1.5ὶο.
1920 4267 2014 4321 lib.
2046 4288 2097 4323 v.

1930 4400 2012 4445 12
