3111 5147
728 576 874 649 ²92
1040 550 1120 620 C.
1172 547 1451 618 JULII
1505 543 1966 615 CAESARIS
2019 540 2567 612 COMMENT.

721 700 863 755 tum
939 684 1226 777 equitem
1258 668 1284 711 ⁴
1350 703 1699 749 romanum
1720 732 1739 765 ‚
1799 677 1911 773 qui
1984 676 2081 743 rei
2153 672 2597 743 frumentariae
2661 673 2869 767 jussu

722 792 1000 862 Coesaris
1043 803 1323 883 praeerat
1343 841 1362 875 ‚
1406 784 1809 855 interficiunt
1831 835 1851 871 ,
1892 782 2196 877 bonaque
2240 805 2469 849 eorum
2514 780 2865 879 diripiunt.

723 896 1050 967 Celeriter
1072 896 1156 964 ad
1185 918 1413 963 omnes
1442 889 1673 961 Galliae
1701 891 1996 959 civitates
2025 888 2198 956 fama
2222 886 2590 981 perfertur3
2617 878 2866 977 (nam,

721 1003 839 1072 ubi
873 1003 1083 1097 major
1124 1015 1320 1096 atque
1359 997 1672 1067 illustrior
1707 994 1933 1065 incidit
1969 1017 2073 1062 res
2093 1047 2112 1080 ‚
2143 991 2430 1063 clamore
2448 978 2472 1017 ⁵
2500 1017 2621 1086 per
2655 1017 2863 1088 agros

721 1110 1150 1203 regionesque
1192 1105 1604 1200 significant3
1647 1103 1827 1171 hunc
1870 1101 1976 1169 alii
2018 1100 2349 1194 deinceps·
2375 1100 2712 1193 excipiunt
2731 1153 2751 1186 ‚
2789 1114 2867 1168 et

722 1215 1036 1311 proximis
1091 1212 1404 1298 tradunt3
1441 1224 1519 1278 ut
1569 1223 1711 1277 tum
1767 1207 2005 1277 accidit
2033 1199 2103 1295 ι)
2153 1229 2307 1273 nam
2332 1258 2352 1293 ,
2374 1228 2540 1299 ·quae
2592 1206 2863 1274 Genabi

723 1322 979 1389 oriente
997 1318 1132 1388 sole
1150 1332 1334 1415 gesta
1361 1329 1579 1386 essent
1597 1368 1617 1403 ‚
1647 1328 1801 1383 ante
1831 1316 2113 1407 primam
2148 1311 2518 1380 confectam
2558 1308 2858 1406 vigiliam

721 1429 791 1495 in
823 1426 1064 1494 finibus
1101 1427 1554 1494 Arvernorum
1585 1420 1806 1490 audita
1838 1434 1993 1490 sunt
2016 1417 2230 1512 3quod
2264 1418 2540 1511 spatium
2570 1430 2670 1485 est
2697 1415 2854 1486 mil-

722 1530 883 1601 lium
927 1533 1187 1600 circiter
1228 1532 1414 1600 CLX
1430 1514 1474 1597 ⁶.

829 1639 948 1708 IV.
1007 1635 1212 1706 Simili
1252 1638 1505 1705 ratione
1554 1635 1646 1704 ibi
1694 1634 2196 1727 Vercingetorix
2222 1630 2265 1719 ¹,
2306 1626 2546 1701 Celtilli
2565 1627 2585 1653 ²
2622 1626 2796 1697 filius
2822 1683 2848 1716 ‚

722 1746 1097 1831 Arvernus,
1123 1766 1394 1813 summae
1423 1742 1733 1835 potentiae
1762 1740 2169 1826 adolescens,
2190 1729 2415 1830 (cujus
2449 1750 2635 1831 pater
2662 1737 2846 1829 prin-

719 1851 1016 1942 cipatum
1070 1846 1300 1918 Gwalliae
1343 1832 1588 1915 totius³
1634 1846 2009 1914 obtinuerat
2031 1898 2051 1933 ‚
2094 1859 2161 1912 et
2207 1842 2303 1912 ob'
2343 1867 2489 1912 eam
2541 1865 2807 1911 causam
2833 1894 2857 1929 ‚

723 1954 903 2048 quod
956 1978 1234 2048 regnum
1282 1951 1635 2046 appetebat
1652 1937 1699 2039 ⁴,
1752 1951 1835 2019 ab
1892 1953 2155 2021 civitate
2193 1963 2334 2018 erat
2374 1949 2761 2017 interfectus
2784 1940 2857 2036 ‚)

725 2060 1106 2129 convocatis
1159 2060 1291 2129 suis
1337 2056 1690 2127 clientibus
1711 2110 1731 2145 ‚
1772 2055 1959 2127 filcile
2010 2081 2123 2125 eos
2172 2055 2462 2125 incendit
2479 2040 2522 2122 ⁵.
2562 2057 2854 2149 Cognito

724 2167 781 2260 ej
788 2191 865 2235 us
919 2165 1192 2235 consilio
1223 2219 1243 2253 ‚
1294 2164 1378 2233 ad
1432 2189 1616 2233 arma
1672 2164 2089 2233 concurritur
2108 2148 2135 2187 ⁶
2162 2187 2176 2229 :
2222 2162 2306 2230 ab
2362 2161 2809 2231 Gobanitione
2834 2215 2854 2248 ,

809 2348 861 2405 4.
879 2341 1145 2393 Honestum
1158 2345 1371 2413 equitem.
1391 2338 1580 2392 Cicero
1594 2337 1744 2410 equi·
1833 2338 2142 2389 trectabant.
2159 2336 2281 2388 Non
2302 2333 2432 2389 item
2448 2334 2534 2388 alii
2552 2334 2689 2390 Galli
2705 2333 2850 2407 apud

725 2431 804 2474 tes
819 2433 971 2473 vocat
988 2421 1347 2479 honestissimos,
1365 2416 1510 2489 quod
1528 2417 1746 2488 quidem
1834 2435 1965 2488 quos
1982 2435 2129 2487 reges
2150 2427 2319 2468 essent
2330 2455 2346 2481 ,
2363 2434 2456 2468 seu
2472 2416 2641 2487 potius
2661 2415 2853 2485 magis·

725 2501 949 2552 verbnm
965 2497 1178 2551 videtur
1196 2498 1460 2568 equitibus
1474 2515 1745 2549 consecra·
1832 2508 1998 2548 tratus
2028 2494 2176 2566 regio
2197 2495 2414 2548 nomine
2446 2494 2672 2567 insigniti
2684 2531 2701 2559 ,
2718 2513 2853 2565 qun-

726 2591 874 2644 tnm;
896 2579 1049 2631 sicuti
1059 2595 1160 2630 vox
1177 2579 1390 2640 illustris,
1399 2578 1744 2629 senatoribus.
1828 2576 1904 2628 les
1922 2576 2212 2628 Divitiacus
2229 2576 2567 2630 Suessionum
2580 2594 2697 2640 rex,
2717 2577 2853 2627 Am·

814 2659 863 2709 5.
902 2657 1136 2709 Clamore.
1165 2657 1287 2708 Non
1311 2656 1746 2722 conclamatione,
1830 2654 2005 2707 biorix
2064 2655 2377 2708 Eburonum
2390 2693 2407 2721 ,
2468 2655 2854 2709 Catamantales

727 2734 820 2790 sed
841 2755 939 2808 per
963 2753 1230 2807 praecones
1255 2733 1386 2787 ‘hinc
1411 2747 1463 2787 et
1493 2734 1618 2787 inde
1639 2734 1746 2788 dis-

726 2828 912 2869 tantes.
936 2815 1042 2867 Pro
1056 2835 1149 2888 per
1174 2835 1340 2885 agros,
1363 2814 1612 2867 Hotman.
1626 2834 1749 2888 pro-

726 2896 882 2969 ponit
901 2915 993 2967 per
1005 2915 1177 2966 pagos.
1207 2895 1300 2947 Nil
1329 2907 1493 2948 muto.

813 2979 864 3030 6.
881 2974 1090 3028 Me'llium
1099 2996 1232 3048 pass.
1254 2978 1441 3054 circiter
1450 2992 1565 3028 cu.
1579 2973 1747 3026 Aliter

729 3056 764 3109 1
766 3056 904 3108 nlius
918 3056 1125 3122 Celsus,
1147 3075 1238 3127 per
1250 3074 1318 3108 Lx
1335 3055 1484 3106 millia
1499 3071 1744 3124 passuum.

731 3135 947 3189 Graecus
971 3136 1229 3206 interpres
1260 3154 1293 3205 ᾳ
1317 3153 1351 3193 ι.-
1373 3153 1414 3186 ο.
1447 3134 1591 3186 Bene
1615 3133 1744 3186 Caes.

735 3219 839 3269 160
870 3214 1001 3267 mill.
1027 3233 1152 3267 nam
1187 3214 1256 3267 55
1290 3213 1450 3265 leuem
1477 3213 1596 3283 gall.
1627 3223 1749 3264 sunt

731 3314 760 3348 a
782 3293 1001 3347 Genabo
1016 3292 1079 3346 ad
1097 3293 1411 3364 Gergoviam
1425 3329 1441 3355 ,
1469 3288 1491 3352 (
1507 3290 1751 3343 Clermont

729 3394 788 3426 en
811 3374 1068 3442 Amet-gne
1084 3364 1255 3443 ),‘quae
1273 3371 1514 3422 efficiunt
1537 3372 1749 3423 circiter

727 3472 829 3506 cmx
858 3452 970 3505 mil.
1000 3470 1238 3516 roman.,
1277 3450 1321 3501 si
1358 3450 1565 3502 viarum
1603 3450 1747 3501 sinus

728 3533 970 3603 excipias.

809 3614 938 3665 Cn».
955 3612 1055 3662 IV.
1079 3628 1102 3663 1
1116 3650 1127 3662 .
1148 3610 1205 3662 V
1198 3612 1525 3678 em'ngeton'ae.
1546 3609 1628 3660 De
1642 3608 1746 3660 hoc

729 3691 945 3744 nomine
968 3688 1092 3742 vide
1111 3688 1152 3744 l.
1165 3707 1285 3753 ηε.
1306 3689 1336 3741 3
1353 3728 1367 3752 ,
1386 3700 1438 3741 et
1451 3688 1525 3740 ihi
1542 3699 1742 3740 notam.

812 3790 863 3824 α.
894 3769 1089 3822 Celtilli.
1115 3769 1315 3834 Celsus,
1332 3766 1517 3820 Cebali.
1540 3768 1742 3840 Inter-p.

729 3869 808 3923 gr.
825 3849 1076 3920 Κερτίὶω.
1101 3848 1243 3919 Ergo
1256 3847 1465 3919 praetuli
1483 3847 1743 3906 Celtillum.

811 3931 862 3985 3.
889 3927 1072 3983 Gallice
1104 3931 1264 3980 totius.
1297 3927 1507 3981 Celticae
1532 3924 1740 3979 videlic.

726 4027 819 4063 seu
849 4008 1033 4062 Gallia
1062 4008 1279 4079 proprie
1307 4003 1624 4060 diotae.Vid.
1646 4004 1741 4072 lib.

725 4105 782 4156 1,
814 4107 837 4141 1
860 4125 879 4153 ,
904 4084 1049 4159 quod
1062 4087 1200 4140 hanc
1227 4087 1535 4159 opinionem
1548 4085 1741 4138 firmat.

806 4174 859 4230 4.
884 4168 1032 4236 Quod
1045 4186 1240 4236 mgnum
1262 4168 1526 4238 appetebat.
1546 4166 1741 4218 Arver-

719 4245 801 4312 ni,
814 4244 1110 4313 invidetur,
1117 4246 1322 4316 regium
1341 4244 1626 4316 imperium
1650 4242 1741 4298 de-

1831 2734 2212 2806 Sequanorum,
2225 2734 2541 2808 Moritasgus
2554 2735 2819 2787 Senonum
2831 2774 2853 2801 ,

1832 2823 1930 2867 etc.
1965 2813 2044 2866 Ita
2077 2827 2249 2867 tamen
2298 2827 2358 2868 ut
2401 2815 2636 2868 civitates
2680 2833 2852 2886 prope

1832 2912 2014 2947 omnes
2028 2895 2447 2948 Aristocraticam
2464 2895 2745 2948 habuerint
2758 2914 2853 2966 po—

1828 2968 2024 3039 litiam,
2042 2972 2185 3044 quod
2208 2992 2447 3046 expresse
2477 2975 2551 3028 ait
2568 2974 2757 3026 Strabo
2771 3012 2789 3038 ‚
2809 2975 2848 3028 l.

1831 3069 1915 3120 Π,
1928 3060 1957 3117 4
1972 3071 1986 3106 :
2003 3046 2375 3124 Αριςοκρατικαὶ
2389 3050 2579 3111 «Nem
2597 3055 2851 3114 αἶπλιίιυς

1831 3140 1927 3185 τῶν
1945 3140 2212 3185 πολιτειῶν·
2234 3135 2319 3186 ἕνα.
2333 3129 2387 3185 δ’
2405 3136 2626 3205 ἡγιμόνα
2648 3135 2854 3203 ᾑροῦντο

1831 3219 1946 3265 κατ’
1974 3214 2183 3265 ἱνιαυτὸν
2206 3217 2264 3265 τὸ
2290 3219 2523 3277 παλαιὸν,
2540 3217 2603 3274 ὣς
2625 3208 2850 3272 &affre-a<

1832 3292 1898 3351 ιίς
1925 3293 2137 3362 πόλιμον
2165 3284 2229 3352 αἶς
2256 3291 2352 3348 ὑπὸ
2368 3297 2451 3347 τοῦ
2481 3290 2684 3350 πλήθους
2713 3292 2851 3343 dnn·

1829 3366 2052 3423 δείκνυτο
2075 3373 2337 3442 ςρατῃγός.

1915 3450 1967 3502 5.
1983 3450 2153 3503 Facile
2168 3453 2385 3503 incendit.
2403 3446 2569 3503 Codd.
2592 3449 2847 3502 nonnulli

1832 3547 1909 3578 eos
1938 3528 2159 3581 incendit.
2190 3532 2259 3581 At
2302 3533 2358 3583 τὸ
2388 3549 2460 3582 eos
2496 3546 2605 3580 non
2635 3540 2716 3581 est
2746 3547 2846 3582 ne-

1829 3609 2109 3660 cessarium
2123 3647 2139 3673 ‚
2157 3609 2396 3680 quamvis
2408 3607 2721 3661 admiserim.

1912 3691 1964 3741 6.
1986 3688 2225 3741 Ades-ma
2247 3694 2565 3742 concurritur:
2589 3688 2651 3739 ab
2679 3687 2848 3742 Goba-

1830 3771 2029 3827 nitione,
2054 3779 2143 3820 etc.
2176 3767 2309 3822 cod.
2337 3779 2517 3821 noster
2548 3768 2698 3838 5763
2718 3786 2731 3819 ε
2755 3768 2851 3820 Ad

1829 3866 1965 3898 arma
1983 3853 2298 3913 concurr-imm
2311 3847 2590 3918 prohibetur
2606 3868 2638 3898 a
2673 3847 2845 3901 Goba-

1828 3930 2036 3993 nieione,
2068 3940 2165 3980 etc.
2211 3926 2363 3980 Idem
2409 3924 2530 3981 cod.
2580 3927 2728 3997 5764
2744 3965 2762 3992 ,
2792 3939 2848 3980 et

1827 4003 1960 4058 MSS
1985 4005 2149 4060 Norv.
2173 4019 2226 4060 et
2245 4025 2353 4079 reg.
2382 4007 2517 4078 angl.
2550 4019 2602 4059 et
2624 4006 2711 4059 alii
2727 4025 2850 4078 per·

1826 4087 1997 4139 multi.
2018 4087 2085 4139 Et
2110 4085 2248 4139 hanc
2283 4083 2560 4139 lectionem
2591 4086 2635 4140 si
2654 4087 2850 4157 prefe-

1826 4183 1934 4232 ras,
1948 4165 2039 4220 hic
2055 4166 2156 4219 erit
2175 4163 2310 4219 ordo
2330 4166 2534 4237 phrasis
2555 4183 2570 4217 :
2596 4165 2690 4218 Aa
2709 4185 2853 4218 ama

1826 4249 2152 4300 concurritur:
2169 4245 2448 4314 prehibetur
2468 4239 2490 4304 (
2500 4246 2852 4314 Vercingeto-
