3111 5147
580 555 722 624 DE
774 556 1121 626 BELLO
1175 559 1669 629 GALLICO.
1727 562 1916 630 LIB.
1971 563 2025 629 Ι.
2260 566 2348 648 41

233 686 414 757 sedes
434 740 458 775 ,
499 703 792 758 remotas
835 714 874 758 a
919 693 1266 761 Germanis
1286 746 1305 779 ,
1338 707 1607 787 petant3
1644 693 2106 789 fortunamque
2130 748 2149 783 ‚
2185 721 2360 790 quae-

229 817 517 889 cumque
554 794 811 865 accidat
829 849 848 883 ,
883 799 1318 891 experiantur.
1363 802 1522 867 Haec
1566 802 1619 867 si
1660 803 1997 869 enuntiata
2030 803 2359 871 Ariovisto

230 902 388 987 sint,
426 927 572 971 non
612 901 942 990 dubitare,
965 905 1122 997 quin
1158 904 1240 972 de
1272 905 1578 975 omnibus
1611 907 1983 995 obsidibuS,
2018 909 2128 1001 qui
2183 908 2359 1003 apud

232 1031 378 1076 eum
415 1010 556 1077 sint
572 1062 593 1095 ,
628 1011 1095 1104 gravissimum*
1141 1010 1531 1105 supplicium
1588 1028 1820 1081 sumat.
1866 1015 2193 1083 Caesarem
2252 1012 2358 1083 vel

237 1117 625 1183 auctoritate
667 1138 785 1183 sua
826 1128 1021 1208 atque
1063 1119 1424 1205 exercitus,
1458 1115 1564 1187 vel
1614 1120 1860 1188 recenti
1902 1120 2216 1207 victoria,
2251 1120 2356 1189 vel

239 1221 499 1288 nomine
542 1217 774 1314 populi
823 1224 1078 1289 romani
1122 1221 1451 1292 deterrere
1500 1248 1728 1317 posse,
1772 1249 1857 1292 ne
1897 1226 2109 1318 major
2149 1225 2358 1294 multi-

241 1324 390 1394 tudo
453 1328 948 1396 Germanorum
1010 1328 1321 1397 Rhenum
1379 1328 1834 1399 traducatur¹
1817 1317 1900 1371 ¹⁰⁴
1883 1356 1903 1418 3
1947 1330 2356 1427 Galliamque

243 1455 495 1500 omnem
525 1433 615 1501 ab
639 1434 1003 1503 Ariovisti
984 1434 1221 1527 mjuria
1256 1459 1449 1529 posse
1476 1433 1910 1504 defendere.»

338 1540 624 1607 XXXII.
674 1542 818 1608 Hac
846 1540 1143 1608 oratione
1184 1539 1270 1608 ab
1304 1542 1635 1609 Divitiaco
1671 1540 1894 1610 habita
1910 1595 1929 1628 ,
1954 1566 2183 1610 omnes
2199 1596 2218 1629 ‚
2242 1546 2357 1637 qui

243 1642 505 1713 aderant
518 1699 539 1731 ,
566 1669 812 1740 magno
848 1647 1006 1714 fletu
1041 1645 1353 1716 auxilium
1385 1671 1424 1715 a
1454 1650 1715 1717 Caesare
1744 1661 1966 1740 petere
1991 1663 2351 1741 coeperunt.

244 1750 712 1819 Animadvertit
761 1754 1018 1839 Caesar,
1052 1777 1221 1821 unos
1279 1779 1359 1822 ex
1403 1753 1709 1822 omnibus
1758 1755 2095 1846 Sequanos
2135 1751 2151 1776 ¹
2191 1752 2353 1821 nihil

244 1878 470 1923 earum
509 1881 723 1926 rerum
768 1857 984 1927 facere
999 1883 1209 1952 ,quas
1251 1862 1451 1930 ceteri
1481 1858 1806 1946 facerent3
1833 1859 1946 1928 sed
1976 1861 2226 1945 tristes,
2255 1883 2355 1928 ca—

244 1961 383 2055 pite
428 1961 731 2050 demisso,
765 1979 1009 2033 terram
1065 1967 1321 2035 intueri.
1380 1967 1542 2059 Ejus
1597 1968 1691 2034 rei
1744 1990 1942 2035 causa
1997 1990 2143 2060 quae
2183 1981 2354 2035 esset

242 2068 509 2136 miratus
549 2094 626 2137 ex
669 2072 824 2165 ipsis
873 2073 1140 2165 quaesiit.
1200 2070 1381 2142 Nihil
1438 2075 1724 2167 Sequani
1777 2072 2211 2191 respondere,
2238 2072 2354 2141 sed

243 2173 313 2239 in
361 2173 573 2243 eadem
620 2178 882 2246 tristitia
931 2179 1111 2247 taciti
1161 2202 1566 2271 permanere.
1605 2180 1833 2268 Quum
1870 2178 1954 2245 ab
1996 2180 2074 2246 iis
2116 2181 2352 2308 saepiu²s
2429 2204 2434 2215 ·

240 2296 579 2371 quaereret,
614 2307 828 2377 neque
854 2282 1057 2352 ullam
1093 2288 1364 2353 omnino
1393 2309 1626 2356 vocem
1662 2285 2025 2378 exprimere
2059 2283 2327 2376 posset²
2332 2338 2352 2370 ‚

237 2382 398 2453 idem
438 2388 808 2459 Divitiacus
835 2389 1086 2459 AEduus
1115 2390 1495 2485 respondit.
1533 2420 1570 2456 α
1605 2393 1752 2458 Hoc
1776 2414 1917 2459 esse
1947 2391 2350 2458 miseriorem

235 2495 726 2589 gravioremque
785 2495 1121 2564 fortunam
1181 2498 1679 2592 Sequanorum,
1712 2520 1849 2627 prae
1908 2495 2306 2590 reliquorum
2328 2549 2348 2585 ,

234 2599 399 2691 quod
463 2599 585 2670 soli
646 2626 731 2669 ne
789 2604 857 2669 in
909 2600 1174 2672 occulto
1233 2603 1496 2697 quidem
1558 2589 1817 2698 queri³,
1856 2628 1978 2672 nec
2037 2600 2348 2671 auxilium

231 2705 576 2800 implorare
635 2708 953 2778 auderent
972 2710 1435 2804 ,absentisque
1493 2711 1802 2779 Ariovisti
1857 2707 2386 2798 crudelitatem,

231 2810 397 2881 velut
456 2816 513 2883 si
573 2838 801 2883 coram
842 2815 1098 2883 adesset
1116 2869 1135 2902 ,
1164 2815 1552 2885 horrerent:
1587 2825 1936 2911 propterea
1979 2814 2157 2909 quod
2201 2814 2347 2884 reli-

227 2921 359 3011 quis
416 2934 647 2990 tamen
706 2919 877 3015 fugae
938 2919 1213 2991 facultas
1262 2922 1569 3010 daretur;
1615 2924 1931 3016 Sequanis
1989 2944 2150 2989 vero
2170 2973 2191 3008 ,
2235 2923 2348 3015 qui

303 3109 387 3166 14.
422 3103 746 3157 Traduntur.
768 3104 849 3156 Ita
874 3101 1030 3156 codd.
1054 3103 1235 3156 nostri.

228 3179 299 3232 Al.
321 3182 676 3236 transducatur.

296 3261 423 3314 Car.
458 3262 693 3314 XXXII.
734 3281 781 3315 1.
821 3263 951 3316 Uno:
990 3282 1050 3313 ex
1086 3265 1237 3314 omni-

228 3338 303 3392 bns
328 3341 591 3412 Sequanos.
625 3341 852 3412 Sequani
876 3342 977 3414 ipsi
1005 3341 1237 3395 Ariovis-

225 3430 327 3472 tum
378 3419 621 3473 subsidio
672 3433 1016 3475 evocaverant
1056 3434 1239 3475 contra

1410 3124 1460 3156 ο.
1478 3104 1773 3176 Exprimere.
1791 3104 2050 3174 Expromit
2057 3121 2242 3155 vocem
2254 3104 2349 3173 qui

1322 3184 1560 3254 loquitur
1586 3201 1601 3236 ς
1632 3187 1852 3254 exprimit
1869 3220 1886 3247 ,
1913 3183 2003 3253 qui
2033 3182 2181 3253 loqui
2206 3183 2348 3254 cogit

1324 3276 1377 3315 et
1397 3263 1558 3315 verba
1580 3275 1871 3333 extorquet.
1885 3262 1962 3314 Ea
1978 3280 2112 3332 saepe
2129 3263 2348 3316 confun-

1325 3341 1541 3394 duntur.
1569 3340 1737 3397 codd.
1761 3354 1924 3395 nostr.
1950 3346 2184 3413 exprimit.

1407 3423 1460 3477 3.
1492 3422 1642 3492 Quod
1661 3423 1755 3474 soli
1785 3442 1842 3473 ne
1870 3426 1920 3474 in
1947 3423 2130 3474 occulto
2160 3421 2344 3494 quidem

224 3498 445 3564 AEduos,
467 3500 782 3571 quibuscum
806 3502 944 3554 bella
970 3503 1235 3572 gerebant.

222 3579 287 3629 At
311 3599 479 3651 quum
509 3579 737 3651 Sequani
765 3600 875 3634 non
901 3582 1075 3634 minus
1090 3619 1108 3646 ,
1127 3581 1237 3634 imo

222 3660 376 3730 magis
432 3678 596 3730 quam
645 3659 808 3713 AEdui
866 3662 933 3713 ab
973 3660 1236 3714 Ariovisto

223 3740 644 3809 opprima-entur
661 3778 679 3804 ,
720 3742 777 3792 in
838 3741 1058 3812 gratiam
1114 3760 1237 3794 cum

222 3816 399 3873 AEduis
435 3817 737 3886 redierant,
778 3831 830 3873 et
879 3819 947 3875 ad
978 3820 1235 3874 Caesarem

222 3913 315 3950 una
334 3899 592 3954 auxilium
614 3900 953 3970 implorantes
966 3912 1234 3953 venerant.

221 3975 404 4032 caari
446 3992 623 4032 antem
671 3979 963 4034 Galliarum
1013 3998 1235 4050 occupa-

220 4056 412 4112 tionem
429 4058 711 4113 meditanti
727 4059 863 4113 nihil
886 4059 1235 4152 opportunius

219 4136 596 4193 fortunatiusve
612 4152 820 4212 poterat
839 4139 1079 4193 evenire:
1094 4137 1236 4191 ideo-

218 4220 570 4285 queohlatam
602 4220 703 4273 sibi
735 4218 1017 4274 abAEduis
1047 4230 1100 4270 et
1142 4219 1234 4271 Se-

216 4300 398 4365 quanis
421 4300 752 4356 occasionem
779 4300 1007 4356 libenter
1028 4297 1231 4370 arripit.

1325 3506 1483 3574 queri,
1508 3514 1598 3555 etc.
1636 3501 1902 3555 Nimirum
1925 3502 2146 3572 suspiria
2169 3501 2225 3553 in
2251 3501 2345 3552 ab·

1323 3580 1438 3634 dito
1464 3579 1731 3653 profunde
1762 3580 1919 3635 ducta
1955 3593 2102 3633 tanto
2136 3579 2346 3651 gravius

1322 3674 1515 3727 mum,
1548 3659 1694 3732 quod
1727 3679 1837 3714 non
1870 3661 2022 3714 liceat
2050 3660 2140 3712 illa
2169 3659 2342 3730 palam

1321 3760 1418 3811 per
1457 3759 1515 3793 os
1557 3740 1833 3794 effundere
1857 3753 1911 3793 et
1948 3750 2125 3810 aperte
2154 3739 2340 3810 queri:

1321 3821 1455 3872 nulla
1489 3819 1744 3893 siquidem,
1784 3819 1856 3872 ait
1891 3820 2087 3872 Seneca
2127 3818 2309 3870 rhetor
2324 3856 2342 3884 ‚

1320 3899 1357 3953 l.
1386 3917 1437 3965 1,
1459 3900 1774 3954 Controver.
1803 3917 1870 3951 ιο
1890 3938 1907 3964 ,
1917 3897 2082 3970 flend:
2103 3900 2257 3967 major
2272 3910 2346 3949 ese

1321 3998 1487 4040 causa,
1518 3980 1793 4051 quamflere
1823 3998 1917 4030 non
1939 3998 2094 4049 posse.
2122 3978 2191 4029 Et
2211 3976 2341 4032 Stat.

1321 4058 1773 4131 Sylv.11,1,34.

1539 4205 1712 4217 ......
1744 4186 1832 4217 nec
1849 4179 1895 4216 te
1914 4170 2073 4231 lugere
2091 4184 2279 4216 severus

1342 4246 1518 4298 Arcen,
1536 4243 1620 4289 sed
1645 4244 1805 4292 confer
1832 4243 2029 4307 gemitu·
2043 4277 2056 4299 ‚
2074 4243 2342 4303 pariterque

1439 4307 1644 4364 fleamus
