3111 5147
737 578 878 649 108
1010 578 1427 648 c.JUL11
1481 575 1955 646 CAESARIS
2009 575 2558 646 COMMENT.

686 692 851 777 nii⁴
853 763 873 799 ‚
894 708 1071 804 quod
1107 732 1227 803 per
1267 732 1381 778 eos
1410 731 1562 777 suos
1598 731 1669 776 se
1699 704 1991 793 obsides,
2016 730 2181 800 quos
2209 708 2453 777 Crasso
2476 704 2851 797 dedissent,

723 827 1227 910 recuperaturos
1268 797 1788 883 existimabant⁵.
1828 814 2089 881 Horum
2151 813 2538 882 auctoritate
2586 811 2851 884 finitimi

723 920 990 991 adducti
1007 914 1166 1010 ‚(ut
1206 933 1362 989 sunt
1402 917 1749 989 Gallorum
1794 916 2008 987 subita
2048 932 2116 986 et
2156 919 2498 1012 repentina
2538 914 2854 1010 consilia)

721 1026 952 1095 eadem
1006 1026 1090 1096 de
1150 1049 1350 1096 causa
1400 1024 1715 1094 Trebium
1754 1021 2329 1117 Terrasidiumque
2367 1026 2699 1114 retinent3
2739 1040 2814 1094 et
2828 1080 2851 1114 ,

723 1130 1022 1202 celeriter
1057 1132 1268 1201 missis
1304 1131 1570 1226 legatis,
1597 1155 1717 1225 per
1757 1153 1912 1199 suos
1938 1130 2274 1224 Principes
2305 1130 2476 1200 inter
2506 1154 2575 1199 se
2615 1131 2849 1225 conju-

723 1253 911 1326 rant,
946 1236 1107 1306 nihil
1168 1238 1290 1306 nisi
1344 1237 1681 1306 communi
1741 1234 2012 1305 consilio
2075 1250 2374 1325 acturos,
2412 1235 2852 1355 eumdemque

722 1344 936 1413 omnis
975 1343 1257 1413 fortunae
1298 1344 1546 1412 exitum
1588 1366 1728 1411 esse
1778 1340 2070 1411 laturos·
2102 1338 2558 1437 reliquasque
2552 1343 2850 1414 civitates

722 1447 1106 1538 sollicitant,
1135 1464 1211 1519 ut
1252 1450 1321 1518 in
1368 1473 1446 1518 ea
1485 1447 1784 1518 libertate
1800 1472 2054 1543 ‚quam
2097 1472 2135 1516 a
2177 1449 2534 1542 majoribus
2575 1472 2849 1545 accepe-

722 1541 913 1624 rant⁶
916 1610 936 1643 ‚
965 1579 1385 1650 permanere,
1414 1580 1615 1651 quam
1643 1557 2101 1624 Romanorum
2143 1556 2523 1625 servitutem
2555 1548 2850 1649 perferre

719 1659 1054 1730 mallent.
1011 1661 1034 1701 ⁷
1094 1664 1297 1731 Omni
1351 1685 1470 1731 ora
1521 1663 1849 1730 maritima
1892 1659 2188 1730 celeriter
2229 1660 2314 1729 ad
2355 1685 2544 1730 suam
2587 1676 2848 1730 senten-

721 1768 879 1837 tiam
934 1768 1302 1863 perducta,
1348 1792 1772 1837 communem
1835 1764 2227 1862 legationem
2288 1766 2371 1836 ad
2413 1769 2483 1836 P.
2530 1770 2846 1839 Crassum

720 1875 1028 1962 mittunt,
1070 1903 1105 1938 ι(
1150 1876 1204 1942 si
1244 1872 1403 1942 velit
1439 1897 1593 1942 suos
1636 1873 1966 1967 recipere,
2001 1872 2259 1942 obsides
2295 1872 2418 1941 sibi
2454 1874 2760 1943 remittat.
2803 1903 2842 1939 κ

825 1980 946 2047 ΙΧ.
992 1966 1252 2068 Quibus
1289 1978 1371 2047 de
1413 1978 1611 2048 rebus
1651 1981 1874 2048 Caesar
1909 1979 1992 2048 ab
2036 1981 2278 2049 Crasso
2319 1979 2561 2050 certior
2603 1979 2812 2050 factus
2829 2033 2849 2067 ‚

720 2083 956 2178 quod
939 2109 1077 2179 ipse
1113 2085 1340 2154 aberat
1381 2083 1679 2180 longius,
1714 2109 1916 2155 naves
1945 2086 2207 2155 interim
2250 2084 2515 2180 longas¹
2540 2085 2848 2157 aedificari

718 2191 789 2257 in
831 2189 1102 2261 flumine
1156 2192 1409 2287 Ligeri,
1453 2191 1635 2286 quod
1686 2190 1901 2260 influit
1965 2190 2356 2262 Oceanum²
2369 2245 2389 2280 ,
2426 2193 2706 2287 remiges
2768 2217 2850 2261 ex

720 2296 1069 2367 Provincia
1109 2299 1388 2386 institui,
1414 2313 1649 2367 nautas
1693 2297 2296 2393 gubernatoresque
2338 2300 2708 2393 comparari
2741 2297 2846 2391 ju·

718 2402 849 2471 bet.
897 2406 1018 2473 His
1053 2404 1249 2474 rebus
1279 2403 1578 2474 celeriter
1604 2403 2067 2474 administratis
2080 2406 2300 2499 ,ipse‚
2325 2429 2530 2498 quum
2558 2406 2845 2499 primum

720 2533 841 2602 per
877 2511 1031 2579 anni
1073 2525 1334 2606 tempus
1364 2511 1615 2605 potuit,
1651 2510 1736 2580 ad
1776 2512 2133 2581 exercitum
2177 2509 2532 2581 contendit.
2570 2512 2848 2597 Veneti,

719 2614 1113 2710 reliquaeque
1137 2618 1293 2685 item
1328 2603 1665 2687 civitates³
1670 2619 1978 2713 ,cognito
2001 2619 2277 2689 Caesaris
2306 2617 2629 2706 adventu,
2655 2564 2848 2687 simul

719 2720 937 2815 quod,
973 2737 1294 2815 quantum
1342 2724 1411 2791 in
1455 2747 1525 2793 se
1560 2671 1813 2795 facinus
1856 2710 2308 2794 admisissent⁴
2310 2722 2849 2820 ‚intelligebant,

800 2902 854 2958 4.
894 2897 1010 2950 Silu‘
1058 2910 1202 2970 atque
1244 2898 1442 2951 Velunia·
1492 2899 1742 2952 retinendi.
1829 2917 1991 2953 onera
2009 2897 2270 2971 portanda
2290 2895 2635 2971 compmt'oe3
2661 2913 2716 2953 et
2738 2918 2848 2952 one-

720 2972 891 3028 Codd.
910 2988 1031 3050 post
1050 2977 1163 3031 hoec
1185 2978 1362 3044 verbu,
1386 2978 1585 3032 habent
1604 2991 1683 3031 :et
1699 2983 1744 3030 si
1831 2983 1977 3030 rars'oe
2004 2977 2176 3031 dicta.

716 3053 833 3126 quos
861 3059 1136 3128 inter-espen
1153 3069 1431 3128 potuerunt.
1464 3059 1539 3111 Ea
1569 3071 1743 3111 autem

715 3152 827 3188 non
857 3150 1147 3207 agnoscunt
1173 3138 1357 3192 Celsus
1370 3175 1387 3203 ,
1417 3156 1516 3190 nec
1544 3156 1743 3210 graciis

716 3214 978 3288 interpres
993 3252 1011 3281 ,
1026 3228 1079 3269 et
1090 3217 1313 3289 glossam
1324 3215 1586 3271 redolent.
1605 3216 1739 3272 cod.

714 3311 824 3366 reg.
857 3295 1029 3365 5764,
1054 3296 1228 3350 habet.
1245 3299 1451 3350 vacant
1478 3297 1536 3349 in
1560 3295 1744 3351 codice

802 3454 852 3507 5.
894 3454 1275 3507 Existimabam.
1318 3455 1424 3508 Dio
1460 3454 1603 3508 Cass.
1647 3454 1741 3508 lib.

716 3550 874 3585 xxxn
888 3570 905 3598 ,
922 3539 1011 3599 40,
1027 3532 1249 3604 assignat
1271 3535 1374 3588 hoc
1386 3533 1586 3587 bellum
1604 3534 1740 3587 A.U.

718 3612 779 3665 C.
800 3615 934 3682 698,
949 3612 1322 3667 Marcellinoet
1342 3613 1596 3686 Philippo
1610 3631 1739 3666 coss.

726 3727 733 3734 -
798 3695 850 3746 6.
879 3693 1194 3763 deceperant.
1214 3694 1504 3763 deceperint
1533 3692 1746 3746 Ciacco-

717 3771 836 3825 nius
860 3771 1049 3838 habet·
1067 3773 1237 3826 nostri
1266 3770 1422 3825 codd.
1446 3784 1740 3843 acceperant.

799 3869 851 3920 7.
870 3851 1099 3904 Mallem.
1124 3852 1206 3904 Al.
1230 3852 1415 3905 malint.
1439 3851 1663 3918 Melius,
1683 3864 1744 3906 ut

716 3930 974 3984 referatur
1003 3929 1069 3984 ad
1088 3931 1367 3985 sollicitant.

798 4009 927 4063 Cu».
959 4010 1057 4064 IX.
1090 4029 1139 4065 1.
1172 4011 1334 4066 Nares
1356 4011 1543 4081 longas.
1571 3963 1742 4065 Nares

719 4089 879 4158 longoe
890 4088 1474 4163 dicuntur,quoremis
1497 4103 1741 4162 aguntur,

718 4168 899 4238 quales
928 4182 1052 4222 sunt
1088 4168 1249 4224 hodie
1279 4189 1396 4243 qno
1432 4172 1629 4224 nostris
1657 4168 1741 4230 di-

719 4259 917 4301 cunnu-
944 4249 1160 4316 galares,
1205 4248 1271 4302 ad
1306 4249 1489 4321 prelia
1519 4248 1739 4302 idonea.

718 4325 853 4380 Aliae
896 4327 1076 4380 minus
1119 4326 1187 4381 sd
1230 4346 1501 4400 pugnam,
1535 4327 1628 4383 sed
1674 4326 1741 4382 nd

1912 3077 1961 3111 s.
1994 3058 2144 3128 Quod
2166 3058 2327 3129 influit
2340 3056 2600 3111 oceasum.
2626 3056 2717 3112 sie
2738 3058 2774 3111 l.
2797 3058 2849 3124 1,

1826 3155 1940 3210 cap.
1961 3140 1993 3192 8
2013 3138 2365 3209 :quemflamen
2377 3137 2659 3190 Rhadaman
2674 3138 2846 3210 influit.

1826 3217 2026 3270 Inaliis
2049 3216 2273 3288 legitur,
2293 3216 2846 3289 quodafiaitinocea-

1827 3316 1938 3349 num
1958 3317 1978 3359 ,·
2017 3293 2110 3349 sed
2162 3295 2468 3368 propositio
2491 3334 2508 3361 ,
2550 3308 2613 3349 ut
2669 3307 2848 3350 monet

1828 3376 2088 3440 Ursinus,
2117 3376 2262 3429 abest
2289 3394 2320 3429 a
2349 3388 2475 3428 vett.
2511 3373 2668 3429 codd.
2699 3371 2789 3438 (et
2816 3391 2847 3427 a

1827 3455 2022 3508 nostris
2039 3452 2283 3526 quoque)
2298 3493 2315 3521 ‚
2329 3474 2488 3527 quam
2509 3453 2632 3508 ideo
2654 3473 2850 3527 expun-

1827 3532 2054 3606 gendam
2080 3535 2397 3587 censuimus.
2428 3536 2563 3588 Du,

1912 3615 1962 3667 3.
1981 3613 2199 3684 Reliqua
2213 3616 2443 3668 civitates.
2464 3610 2636 3667 Codd.
2657 3625 2712 3666 et
2728 3611 2862 3686 edd}

1828 3689 2033 3746 addunt
2045 3697 2266 3744 certiores
2268 3694 2412 3761 facti,
2430 3690 2579 3765 quod
2593 3692 2851 3764 pmbabst

1829 3770 2074 3825 Oudend.
2099 3771 2203 3825 Sed
2222 3774 2357 3826 tanti
2379 3773 2482 3825 viri
2499 3790 2629 3845 pace
2643 3770 2814 3825 diesin
2830 3805 2847 3838 ,

1827 3852 2062 3923 ingratus
2083 3865 2163 3905 est
2180 3853 2514 3924 pleonasmus
2529 3852 2641 3905 iste.
2667 3851 2850 3904 Nostri

1825 3927 2035 3986 codices
2042 3931 2364 4002 antiquiores
2371 3932 2466 3985 has
2477 3950 2690 4002 quoque
2697 3949 2850 3984 voces

1827 4011 2091 4065 exhibent.
2275 4015 2292 4023 “

1908 4097 1962 4155 4.
1999 4091 2244 4161 Quantum
2262 4093 2459 4157 facinus
2487 4093 2580 4142 ins
2556 4110 2607 4141 se
2634 4089 2856 4141 aciani-sis·

1831 4183 1944 4225 sent.
1969 4169 2154 4225 Morus
2171 4171 2471 4242 explicatu
2449 4170 2744 4239 «Quantum
2758 4167 2853 4220 siba·

1828 4253 2163 4304 nocuissent.
2199 4247 2360 4314 Quod
2404 4249 2853 4321 approbatum

1828 4349 1880 4383 m
1908 4351 1959 4383 se
2001 4348 2111 4384 non
2149 4330 2380 4384 refertur
2416 4326 2484 4382 nd
2526 4328 2694 4384 scelus
2708 4364 2726 4395 ,
2756 4325 2864 4382 sed'
