3111 5147
480 552 626 627 DE
677 514 1047 626 mano
1102 557 1628 626 GALLmo.
1686 505 1885 627 ΠΒ.
1942 558 2086 628 111.

222 680 239 713 ²
262 713 421 759 rum
462 687 712 758 nudata
752 686 1207 758 defensoribus
1244 689 1454 783 premi
1486 686 1867 778 videbatur,
1893 713 1975 759 eo
2010 714 2361 763 occurrere

265 809 339 864 et
388 793 703 865 auxilium
748 793 967 865 ferre:
1007 794 1123 865 sed
1184 794 1314 864 hoc
1373 796 1670 889 superari
1684 849 1704 883 ,
1741 796 1920 889 quod
1977 796 2406 867 diuturnitate

266 924 512 996 pugnae
544 901 769 972 hostes
811 899 1049 970 defessi
1089 899 1323 999 praelio
1344 899 1787 988 excedebant,
1814 900 1922 971 alii
1963 904 2233 998 integris
2261 905 2408 972 viri-

266 1005 398 1076 bus
445 1006 937 1077 succedebant.
974 1031 1256 1101 quarum
1298 1031 1520 1076 rerum
1563 1031 1603 1074 a
1644 1010 1885 1078 nostris
1928 1024 2202 1139 pro⁵pter
2243 1034 2404 1104 pau·

270 1114 537 1183 citatem
562 1113 709 1184 fieri
739 1111 900 1182 nihil
936 1128 1231 1208 poterat3
1259 1112 1337 1183 ac
1366 1137 1503 1182 non
1534 1113 1736 1183 modo
1761 1101 2056 1184 defesso⁵
2085 1140 2407 1210 expugna

269 1218 668 1307 excedendi,
696 1216 811 1289 sed
852 1244 936 1288 ne
979 1220 1201 1289 saucio
1243 1218 1508 1314 quidem
1552 1220 1694 1313 ejus
1737 1218 1904 1310 loci,
1941 1222 2057 1291 ubi
2099 1223 2406 1292 constite-

266 1340 378 1394 rat
397 1378 418 1412 ‚
446 1324 854 1421 relinquendi
877 1379 897 1414 ,
920 1350 999 1397 ac
1042 1327 1143 1395 sui
1185 1324 1541 1420 recipiendi
1584 1325 1862 1397 facultas
1892 1327 2191 1397 dabatur.

378 1433 460 1500 V.
505 1435 740 1523 Quum
792 1432 933 1525 jam
992 1430 1272 1527 amplius
1315 1432 1496 1501 horis
1539 1455 1653 1501 sex
1699 1435 2113 1502 continenter
2153 1458 2406 1529 pugna-

266 1551 486 1625 retur,
522 1562 602 1608 ac
644 1562 782 1607 non
811 1535 1027 1607 solum
1058 1540 1264 1625 vireS,
1297 1537 1412 1607 sed
1450 1540 1650 1607 etiam
1679 1536 1845 1626 tela,
1868 1541 2109 1609 nostris
2129 1539 2144 1563 ¹
2167 1540 2405 1635 defice-

265 1658 449 1730 rent,
471 1659 670 1738 atque
697 1644 920 1714 hostes
945 1646 1160 1714 acrius
1195 1645 1516 1713 instarent
1534 1642 2230 1763 ,languidioribusque
2264 1670 2408 1715 nos-

264 1749 390 1817 tris
429 1749 673 1818 vallum
712 1749 1009 1821 scindere
1051 1764 1119 1819 et
1160 1748 1368 1819 fossas
1399 1698 1735 1845 coniplere
1765 1752 2149 1845 coepissent,
2174 1776 2406 1845 resque

268 1868 449 1982 ase}
472 1854 604 1945 jam
639 1855 723 1924 ad
760 1871 1128 1925 extremum
1167 1853 1519 1949 perducta²
1545 1880 1810 1945 casum,
1833 1858 1904 1925 P.
1937 1859 2408 1927 SextiusBacu-

268 1943 426 2027 lus³
432 2012 452 2045 ,
473 1959 769 2055 primipili
792 1963 1143 2049 Centurio,
1166 1986 1366 2055 quem
1386 1963 1676 2031 Nervico
1703 1962 1929 2056 praelio
1956 1962 2406 2057 compluribus

267 2063 647 2135 confectum
709 2066 1092 2136 vulneribus
1148 2053 1497 2155 diximus,
1533 2083 1602 2136 et
1642 2070 1798 2136 item
1852 2071 1928 2138 C.
1980 2067 2357 2139 Volusenus
2386 2122 2406 2157 ,

264 2169 601 2240 Tribunus
652 2170 976 2260 militum,
1011 2174 1114 2241 vir
1163 2187 1230 2241 et
1289 2172 1540 2242 consilii
1596 2176 1819 2268 magni
1864 2188 1932 2242 et
1984 2176 2289 2262 virtutis,
2322 2174 2408 2242 ad

275 2273 562 2346 Galbam
598 2293 954 2347 accurrunt
965 2293 1204 2408 ,atque
1239 2302 1442 2348 unam
1485 2303 1626 2348 esse
1659 2305 1842 2373 spem
1881 2279 2105 2348 salutis
2140 2280 2407 2367 docent,

264 2384 324 2450 si
350 2386 755 2478 ‚eruptione
822 2369 1076 2473 facta⁵,
1119 2398 1489 2455 extremum
1549 2384 1861 2455 auxilium
1922 2387 2400 2480 experirentur.

260 2489 537 2584 Itaque,
565 2492 945 2561 convocatis
981 2490 1531 2579 Centurionibus,
1557 2490 1855 2562 celeriter
1894 2490 2130 2563 milites
2171 2494 2405 2562 certio-

260 2620 368 2665 res
395 2595 556 2666 facit
564 2597 935 2693 ,paulisper
963 2599 1471 2668 intermitterent
1490 2596 1811 2691 praelium,
1834 2623 1913 2669 ac
1939 2598 2402 2669 tantummodo

258 2700 394 2771 tela
423 2704 625 2772 missa
646 2707 1051 2798 exciperent,
1071 2728 1269 2799 seque
1296 2729 1378 2774 ex
1395 2702 1622 2773 labore
1651 2704 2029 2775 reficerent:
2047 2720 2229 2800 post,
2247 2706 2403 2775 dato

258 2809 495 2902 signo,
539 2833 621 2878 ex
663 2812 892 2880 castris
933 2823 1385 2905 erumperent,
1416 2824 1614 2903 atque
1655 2836 1922 2881 omnem
1953 2836 2138 2905 spem
2180 2810 2403 2881 salutis

240 2916 329 2982 ‘in
370 2917 622 2985 virtute
656 2932 997 3036 ponerent.

366 3022 488 3090 VI.
516 3022 760 3111 Quod
735 3024 899 3115 jussi
935 3036 1089 3091 sunt
1102 3021 1431 3110 ,faciunt3
1459 3046 1537 3093 ac
1565 3023 1782 3093 subito
1812 3023 2118 3092 omnibus
2153 3025 2397 3117 portis¹

2260 559 2401 633 105

2378 680 2404 725 4

342 3240 395 3297 4.
435 3234 718 3288 occurrere.
749 3233 1027 3287 Advolare.
1061 3234 1143 3286 Al.
1175 3252 1290 3284 con-

262 3332 462 3366 currere.
494 3313 678 3367 Nostri
708 3312 864 3367 codd.
893 3333 1148 3366 occurrere.

341 3393 395 3446 5.
427 3392 549 3447 Non
577 3394 718 3446 modo
739 3394 938 3461 defesso.
965 3391 1031 3446 Id
1049 3406 1151 3458 est,
1176 3411 1288 3446 non

264 3471 424 3526 nodo
446 3491 558 3525 non
590 3471 825 3539 defesso,
856 3485 956 3527 etc.

339 3552 469 3605 Cn.
506 3553 576 3605 V.
619 3570 667 3605 1.
699 3552 907 3606 Nostris.
939 3552 1021 3605 Ita
1049 3550 1205 3605 codd.
1237 3564 1291 3606 et

259 3628 382 3683 edd.
410 3631 495 3684 Ita
517 3651 733 3703 quoque
748 3633 868 3685 Val.
900 3632 1112 3685 Maxim.
1134 3651 1186 3686 v.
1220 3651 1242 3685 1
1267 3670 1284 3698 ‚

258 3722 363 3762 ext.
409 3711 459 3765 3.
510 3710 720 3765 Placuit
768 3711 989 3765 Heinsio
1031 3729 1289 3785 reponere

258 3801 460 3843 ιιωενω.
494 3790 623 3843 Non
652 3792 788 3844 male
809 3811 826 3857 3
851 3809 972 3843 nam
995 3809 1077 3864 ap.
1105 3810 1287 3845 omnes

256 3865 459 3922 dicitnr
485 3870 647 3941 vulgo
662 3909 679 3934 ,
702 3869 898 3940 deficere
927 3870 1157 3943 aliquem,
1191 3891 1289 3925 non

255 3946 423 4000 abbia.
449 3949 626 4003 Cesar
656 3950 798 4021 ipse,
821 3950 969 4003 Bello
999 3949 1115 4004 Civ.
1147 3962 1289 4023 atque

254 4029 391 4096 ejrtsos
431 4047 506 4079 res
537 4031 864 4096 fimentaria
905 4027 1102 4097 deficere
1129 4033 1283 4102 coept‘t.

258 4104 544 4177 Vulgatam
574 4120 749 4162 tamen
777 4108 1113 4162 retinuimus.

356 4203 403 4236 ι.
419 4187 675 4242 Per-ducta.
691 4187 917 4261 Scaliger
930 4187 1157 4262 deducta,
1176 4188 1286 4241 sine

248 4266 586 4321 anctoritate.

1461 3234 1510 3286 3.
1536 3234 1600 3286 Ρ.
1625 3232 1817 3287 Sextim
1837 3232 2068 3286 Baculus.
2088 3233 2189 3286 Hic
2211 3233 2276 3285 ab
2298 3233 2404 3286 Eu-

1375 3313 1555 3384 tropio
1585 3314 1825 3366 Pacuvius
1853 3311 2067 3366 dicitur.

1460 3399 1511 3455 4.
1542 3394 1786 3446 Diximus.
1814 3390 1942 3445 vid.
1965 3411 2080 3465 sup.
2112 3394 2166 3444 11
2184 3430 2199 3456 ‚
2226 3410 2270 3445 c.
2310 3393 2398 3446 25.

1460 3473 1509 3524 5.
1528 3471 1587 3526 Si
1597 3476 1840 3544 eruptione
1842 3474 2004 3540 facta.
2028 3470 2188 3537 Quod
2198 3490 2399 3544 propo-

1372 3551 1534 3604 situm
1564 3550 1688 3605 duci
1718 3553 2001 3624 probatum
2024 3552 2310 3604 exercitum
2334 3551 2400 3604 ab

1374 3632 1522 3686 omni
1551 3632 1791 3703 periculo
1828 3632 2036 3684 exemit.
2083 3628 2400 3686 Laudandus

1374 3711 1560 3776 Galba,
1569 3712 1662 3783 qui
1674 3709 1911 3764 modeste
1922 3711 2290 3782 sapienterque
2303 3710 2399 3786 tri·

1371 3790 1640 3843 hunorum
1700 3791 1932 3843 consiliis
1992 3789 2361 3860 obtemperans
2381 3826 2399 3854 ,

1371 3871 1540 3942 culpa
1560 3870 1756 3942 prioris
1776 3868 2030 3922 damnum
2048 3868 2266 3921 resarcit
2280 3906 2297 3934 ‚
2311 3886 2402 3920 ne-

1372 3967 1477 4020 que
1506 3961 1681 4002 tamen
1712 3949 1920 4002 consilii
1951 3960 2192 4002 auctores
2220 3945 2398 4001 debita

1370 4027 1526 4082 laude
1561 4029 1839 4081 frustratus
1868 4039 1960 4080 est.

1450 4108 1580 4163 Cu».
1607 4107 1703 4160 VI.
1735 4125 1783 4160 1.
1814 4106 2049 4160 Omnibus
2068 4111 2240 4179 portic.
2272 4107 2398 4162 Cn-

1371 4188 1468 4242 tris
1511 4199 1738 4259 quatuor
1780 4199 1930 4240 erant
1972 4199 2155 4260 portae.
2188 4187 2397 4252 Prima,

1373 4267 1626 4321 Pretoria
1649 4304 1666 4334 ,
1719 4267 1960 4340 proxima
2019 4267 2298 4339 pretorio,
2328 4265 2396 4319 ad
