3111 5147
720 598 862 643 120
971 574 1048 640 C.
1102 570 1408 638 JULII
1463 565 1962 636 CAESARIS
2015 563 2595 634 COMMENT.

710 705 1022 789 Sabinus,
1051 727 1203 771 suos
1230 701 1529 771 hortatus
1544 753 1563 786 ‚
1592 698 2004 794 cupientibus
2034 698 2293 791 signum
2328 695 2459 765 dat.
2488 696 2834 790 Impeditis

707 809 1007 879 hostibus
1051 821 1324 902 propter
1363 830 1441 875 ea
1454 858 1474 893 ‚
1509 829 1655 899 quae
1690 804 2020 892 ferebant,
2043 827 2277 890 onera,
2313 802 2530 872 subito
2573 802 2838 872 duabus

709 917 919 1009 portis
940 915 1372 1008 eruptionem
1422 911 1566 980 fieri
1613 910 1818 1003 jubet.
1861 911 2136 978 Factum
2190 922 2290 977 est
2341 910 2840 1003 opportunitate

712 1019 875 1108 loci,
902 1022 1193 1090 hostium
1235 1017 1575 1087 inscientia
1602 1040 1681 1084 ac
1716 1014 2176 1109 defatigatione
2196 1068 2217 1101 ,
2242 1015 2485 1083 virtute
2519 1013 2800 1083 militum
2819 1068 2840 1101 ‚

713 1128 1127 1221 superiorum
1159 1147 1531 1219 pugnarum
1563 1123 2057 1209 exercitatione,
2075 1136 2153 1189 ut
2187 1144 2271 1189 ne
2293 1144 2503 1188 unum
2531 1119 2797 1213 quidem
2815 1117 2841 1144 ²

713 1240 1095 1301 nostrorum
1151 1232 1469 1325 impetum
1508 1229 1759 1297 ferrent
1779 1280 1800 1313 ,
1853 1251 1934 1295 ac
1972 1228 2190 1296 statim
2244 1240 2429 1321 terga
2481 1239 2839 1295 verterent.

715 1339 905 1426 Quos
947 1336 1294 1431 impeditos
1334 1336 1603 1428 integris
1643 1333 1889 1402 viribus
1932 1332 2166 1402 milites
2217 1333 2425 1401 nostri
2465 1333 2797 1400 consecuti
2815 1386 2842 1420 ‚

715 1467 1033 1538 magnum
1088 1466 1439 1510 numerum
1493 1465 1724 1509 eorum
1777 1438 2208 1524 occiderunt3
2253 1435 2536 1532 reliquos
2586 1440 2842 1531 equites

718 1550 1109 1635 consectati,
1133 1572 1412 1643 paucoS‚
1437 1548 1551 1640 qui
1586 1571 1668 1614 ex
1694 1545 1851 1639 fuga
1878 1559 2250 1632 evaserant,
2277 1542 2698 1637 reliquerunt.
2729 1545 2842 1612 Sic

719 1680 855 1724 uno
906 1669 1239 1749 tempore,
1280 1669 1349 1722 et
1399 1653 1482 1721 de
1522 1650 1740 1719 navali
1778 1674 2003 1745 pugna
2038 1650 2348 1738 Sabinu8‚
2384 1665 2452 1719 et
2490 1649 2573 1718 de
2615 1650 2839 1719 Sabini

719 1762 996 1831 victoria
1037 1764 1260 1829 Caesar
1300 1759 1540 1826 certior
1584 1757 1834 1825 factus:
1869 1758 2290 1850 civitatesque
2332 1780 2561 1825 omnae
2597 1780 2666 1824 se
2710 1771 2837 1825 sta-

718 1869 840 1935 tim
909 1868 1162 1934 Titurio
1216 1862 1625 1932 dediderunt.
1687 1864 1862 1931 Nam
1886 1915 1907 1948 ,
1947 1876 2025 1930 ut
2078 1860 2163 1930 ad
2206 1860 2374 1930 bella
2430 1861 2839 1957 suscipienda

722 1962 1068 2059 Gallorum
1109 1968 1325 2037 alacer
1377 1992 1455 2036 ac
1510 1981 1859 2061 promptus
1899 1981 2000 2036 est
2037 1968 2336 2056 animus,
2376 1969 2468 2036 sic
2509 1966 2723 2037 mollis
2761 1993 2839 2037 ac

720 2077 990 2145 minime
1044 2074 1349 2144 resistens
1401 2072 1484 2143 ad
1544 2072 1945 2143 calamitates
1998 2021 2419 2168 perferentias
2481 2098 2667 2143 mens
2729 2099 2837 2144 eo·

718 2207 869 2251 rum
896 2166 1052 2251 θεῖ’.

826 2291 978 2356 XX.
1024 2288 1277 2359 Eodem
1322 2287 1459 2358 fere
1502 2304 1800 2385 tempore
1839 2291 1909 2358 P.
1949 2290 2260 2375 Crassus„
2294 2312 2499 2382 quum
2541 2287 2609 2355 in
2649 2288 2839 2383 Aqui-

723 2396 966 2463 taniam
1021 2395 1426 2489 pervenisset
1450 2449 1470 2484 ,
1511 2420 1656 2490 quae
1712 2419 1897 2489 pars,
1948 2409 2026 2464 ut
2076 2408 2229 2462 ante
2282 2393 2532 2462 dictum
2585 2408 2686 2462 est
2709 2447 2729 2480 ‚
2775 2409 2840 2462 et

722 2503 1066 2595 regionum
1122 2499 1460 2569 latitudine
1512 2515 1582 2570 et
1631 2499 2045 2570 multitudine
2104 2500 2452 2569 hominum
2512 2525 2593 2568 ex
2653 2501 2840 2568 tertia

722 2623 910 2700 parte
935 2605 1197 2675 Galliae¹
1225 2622 1324 2675 est
1347 2608 1725 2676 aestimanda
1737 2632 1986 2701 ‚quum
2022 2605 2440 2700 intelligeret,
2462 2608 2532 2674 in
2556 2607 2660 2675 his
2686 2605 2838 2676 locis

723 2712 846 2780 sibi
887 2709 1132 2780 bellum
1165 2713 1562 2843 gerendum?
1588 2714 1702 2781 ubi
1734 2716 1957 2808 paucis
1992 2728 2144 2783 ante
2187 2714 2374 2782 annis
2385 2711 2511 2781 ².L
2539 2712 2837 2782 Valerius

723 2818 1145 2887 Praeconinus
1204 2805 1565 2914 Legatusss
1603 2820 1894 2889 exercitu
1942 2818 2172 2915 pulso,
2218 2817 2601 2888 interfectus
2640 2833 2838 2904 esset,

724 2999 1037 3072 plerumque
1079 3013 1469 3055 consternatum
1506 3013 1561 3055 et
1595 3001 1744 3074 pavi·
1828 3020 1987 3073 quam
2043 3002 2282 3055 virorum
2297 3040 2315 3068 ‚
2362 3014 2627 3073 posu-ema
2669 3001 2840 3056 minus

724 3077 854 3132 dum
880 3093 1036 3152 atque
1065 3080 1223 3134 etiam
1252 3094 1523 3135 mortuum
1548 3094 1715 3135 notat.
1830 3101 1987 3153 quam
2025 3081 2338 3134 feminarum
2376 3100 2502 3135 esse.
2527 3107 2550 3129 ι

807 3180 857 3212 a.
889 3161 969 3213 Ne
1006 3180 1148 3212 unum
1189 3162 1389 3233 quidem.
1434 3160 1746 3214 Ciacconius
1908 3161 2037 3215 Car.
2077 3161 2201 3213 XX.
2261 3179 2309 3214 1.
2355 3162 2444 3213 Ex
2479 3165 2621 3214 tertia
2660 3161 2838 3215 Gallie

724 3239 963 3310 reposuit
990 3259 1049 3290 ne
1066 3243 1271 3310 primum
1285 3240 1484 3313 quidem.
1502 3240 1744 3306 Frustra
1822 3253 1980 3311 parte.
2006 3240 2222 3293 Insolita
2241 3240 2475 3306 locutio;
2498 3238 2555 3293 id
2571 3253 2673 3307 est,
2693 3240 2838 3294 tertia

723 3335 848 3369 nam
878 3318 1067 3371 usitata
1096 3331 1149 3370 et
1170 3319 1418 3371 solemnis
1434 3332 1615 3372 nostra
1637 3320 1743 3372 lec·
1829 3320 2013 3373 Gallio
2040 3337 2163 3390 pars
2186 3318 2487 3372 aestimanda
2510 3333 2604 3372 eat.

723 3395 944 3468 tiooptt.
956 3398 1156 3469 seriptt.
1177 3399 1345 3459 Livio,
1361 3399 1630 3462 l.xx111,c.
1648 3404 1742 3464 4²3
1913 3419 1963 3451 ι.
2001 3398 2096 3452 Ubi
2113 3404 2287 3468 paucis
2315 3411 2427 3450 ante
2456 3404 2610 3452 annis.
2643 3401 2744 3452 Res
2767 3398 2836 3451 vi·

725 3475 932 3542 Tacito,
961 3478 1099 3530 Ann.
1119 3479 1146 3529 1
1162 3516 1179 3542 ,
1211 3477 1240 3529 5
1254 3495 1275 3528 1
1296 3515 1312 3542 ‚
1337 3489 1389 3529 et
1419 3477 1548 3530 aliis.
1566 3477 1742 3529 Uzita·
1828 3476 1986 3531 detur
2002 3490 2142 3548 gesta
2169 3478 2309 3531 bello
2326 3478 2628 3531 Sertoriano
2641 3516 2658 3544 ,
2676 3496 2834 3550 quum

727 3554 833 3607 tior
861 3568 1034 3608 tamen
1064 3557 1148 3609 vel
1169 3557 1359 3609 Caesari
1385 3568 1436 3608 et
1459 3557 1662 3626 seriptt.
1684 3557 1740 3610 h.
1820 3561 1990 3628 paucis
2019 3568 2131 3608 ante
2159 3562 2297 3609 annis
2327 3556 2384 3610 id
2412 3558 2644 3612 evenisse
2672 3558 2839 3612 Cesar

723 3632 761 3685 l.
781 3634 952 3687 citatis
968 3636 1193 3689 formula
1215 3640 1518 3706 :nupt-imum
1538 3636 1740 3706 quidem.
1828 3636 2109 3708 scripserit.
2133 3637 2268 3689 Nam
2293 3638 2583 3709 Aquitanos
2611 3636 2839 3690 Sertorio

726 3711 856 3766 vid.
888 3733 1045 3791 supra
1074 3728 1127 3769 et
1155 3716 1191 3768 l.
1217 3733 1306 3781 π,
1325 3728 1379 3768 et
1397 3715 1511 3767 Liv.
1537 3716 1574 3768 l.
1608 3735 1708 3768 xxx
1725 3753 1743 3782 ‚
1828 3716 2013 3768 favisse
2036 3727 2199 3785 patet,
2227 3736 2292 3769 ex
2317 3716 2589 3771 Ciceronis
2608 3717 2840 3769 oratione

727 3803 780 3845 et
807 3793 932 3846 alibi
959 3795 1168 3866 passim.
1827 3813 1928 3866 pro
1957 3795 2068 3865 lege
2092 3793 2339 3848 Manilia:
2375 3798 2529 3849 Testis
2545 3808 2620 3847 ese
2646 3796 2834 3856 Gallia,

808 3872 860 3925 3.
892 3873 1023 3925 Nam
1042 3886 1097 3927 ut
1111 3875 1183 3926 ad
1191 3873 1313 3925 bella
1324 3874 1634 3945 suscipimda,
1651 3886 1740 3928 etc.
1821 3885 1913 3945 per
1940 3894 2080 3947 quam
2102 3875 2363 3944 legionibus
2386 3879 2559 3928 nostras
2582 3879 2632 3927 in
2657 3876 2836 3946 Hispa-

725 3950 973 4022 Legimus
990 3953 1132 4026 apud
1148 3955 1379 4020 Livium,
1393 3955 1429 4007 l.
1454 3973 1551 4019 10,
1574 3972 1619 4006 c.
1641 3957 1738 4009 28:
1827 3957 1956 4005 niam
1985 3958 2077 4006 iter
2122 3954 2376 4008 Gallorum
2419 3959 2730 4007 internecione
2751 3973 2839 4024 pa·

734 4055 757 4077 ι
779 4031 959 4086 Gallos
977 4035 1154 4104 primo
1170 4035 1371 4106 impetu
1390 4034 1589 4087 feroces
1604 4052 1741 4099 esse,
1830 4045 1875 4083 te
1849 4036 2053 4101 esan-tum
2080 4046 2166 4087 ese.

726 4128 860 4181 quos
886 4113 1130 4167 sustineri
1164 4116 1285 4168 satis
1314 4114 1411 4179 sit3
1439 4133 1596 4165 eorm
1624 4131 1742 4165 cor·
1912 4115 1962 4167 3.
1996 4115 2054 4166 L.
2091 4114 2148 4166 V
2142 4114 2317 4166 alenus
2333 4112 2837 4166 Proeeoninus.l·1unc

724 4207 857 4260 pora
887 4192 1345 4248 intolerantissima
1369 4193 1563 4246 laboris
1586 4206 1742 4264 atque
1826 4192 2004 4246 locum
2046 4193 2236 4246 stum-a
2275 4194 2600 4265 exagitarunt
2636 4191 2836 4255 critici,

727 4279 882 4322 mma
901 4269 1068 4326 fluere
1082 4310 1101 4340 ,
1113 4273 1391 4344 primaque
1405 4272 1584 4344 prolia
1604 4273 1744 4343 plus-
1827 4272 2224 4344 innumerisque
2244 4273 2351 4327 suis
2372 4272 2688 4344 conjecturis
2711 4227 2836 4324 adai
