3111 5147
756 615 854 685 90
1081 595 1157 662 C.
1212 595 1493 663 JULII
1546 593 2011 663 CAESARIS
2065 593 2608 662 COMMENT.

646 782 653 793 ,
752 726 1061 795 transisse
1120 740 1602 822 conspexerant
1626 780 1647 814 ,
1690 724 2027 821 praedandi
2084 748 2284 795 causa
2342 724 2628 819 egressi,
2668 744 2862 817 quum

752 834 1188 927 respexissent
1226 848 1294 901 et
1335 833 1558 902 hostes
1599 834 1668 900 in
1708 833 1949 901 nostris
1993 833 2223 902 castris
2255 833 2501 901 versari
2531 830 2864 915 vidissent,

753 940 1115 1034 praecipites
1159 939 1331 1035 fiagae
1367 964 1506 1010 sese
1548 938 1970 1007 mandabant.
2022 937 2231 1007 Simul
2273 963 2503 1007 eorum
2521 990 2540 1025 ‚
2568 937 2680 1032 qui
2723 958 2866 1005 cum

749 1044 1234 1139 impedimentis
1276 1036 1663 1132 veniebant,
1699 1044 1950 1114 clamor
1990 1043 2416 1139 fremitusque
2462 1044 2798 1112 oriebatur
2817 1040 2869 1127 ⁷,

751 1148 987 1246 aliique
1047 1151 1243 1221 aliam
1309 1153 1378 1220 in
1447 1167 1706 1246 partem
1769 1152 2098 1247 perterriti
2156 1151 2552 1220 ferebantur.
2616 1148 2870 1240 Quibus

751 1258 1059 1329 omnibus
1115 1258 1311 1328 rebus
1370 1260 1651 1353 permoti
1714 1258 1963 1353 equites
2020 1261 2274 1327 Treviri
2301 1311 2320 1346 ‚
2366 1282 2648 1352 quorum
2708 1257 2870 1323 inter

753 1362 981 1432 Gallos
1015 1366 1275 1435 virtutis
1317 1367 1541 1460 opinio
1583 1379 1683 1435 est
1723 1364 2104 1460 singularis,
2138 1367 2252 1460 qui
2291 1364 2511 1433 auxilii
2550 1386 2751 1433 causa
2791 1358 2870 1429 ab

751 1470 1017 1539 civitate
1070 1473 1249 1540 missi
1306 1472 1391 1540 ad
1439 1474 1768 1543 Caesarem
1824 1485 2178 1559 venerant,
2214 1496 2420 1565 quum
2461 1468 2870 1539 multitudine

752 1574 1041 1646 hostium
1084 1593 1300 1647 castra
1341 1594 1571 1649 nostra
1624 1579 1981 1675 compleri,
2022 1579 2311 1673 legiones
2351 1577 2562 1673 premi
2602 1591 2669 1646 et
2710 1596 2870 1671 pene

751 1683 1236 1754 circumventas
1280 1687 1518 1772 teneri,
1552 1684 1851 1773 calones,
1886 1687 2175 1780 equites,
2211 1684 2573 1753 fiinditores
2593 1736 2613 1771 ,
2645 1683 2870 1753 Numi·

751 1786 909 1879 das,
939 1778 1269 1860 diversos⁸
1297 1792 1771 1887 dissipatosque
1814 1794 1879 1860 in
1924 1817 2154 1861 omnes
2183 1806 2401 1886 partes
2431 1790 2658 1884 fugere
2696 1788 2874 1856 vidis-

753 1909 900 1964 sent
912 1896 1321 1991 ‚desperatis
1363 1899 1605 1967 nostris
1648 1899 1873 1986 rebuS,
1901 1897 2176 1967 domum
2205 1896 2729 1967 contenderunt:
2757 1897 2873 1962 Ro-

753 2024 987 2070 manos
1010 2002 1233 2096 pulsos
1253 2019 1753 2100 superatosque,
1772 2006 2001 2074 castris
2023 2004 2631 2099 impedimentisque
2649 2026 2871 2070 eorum

755 2105 977 2175 hostes
1019 2111 1302 2202 potit05,
1333 2112 1581 2179 civitati
1624 2113 2194 2182 renunciaverunt

860 2216 1077 2284 XXV.
1143 2218 1403 2304 Caesar,
1454 2217 1539 2286 ab
1593 2218 1863 2288 decimae
1929 2217 2201 2313 legionis
2267 2217 2474 2286 cohoi
2477 2229 2722 2284 tatione
2749 2210 2876 2280 ¹ad

755 2317 1062 2391 dextrum
1105 2348 1315 2393 coinu
1375 2324 1751 2420 profectu5‚
1791 2325 1903 2393 ubi
1940 2350 2093 2395 suos
2135 2312 2394 2418 urgeri,
2437 2322 2766 2415 signisque
2813 2320 2874 2386 in

755 2451 962 2496 unum
999 2428 1219 2498 locum
1263 2429 1513 2500 collatis
1535 2430 1940 2500 duodecimae
1973 2431 2263 2561 legionis³
2282 2428 2614 2499 confertos
2650 2425 2877 2494 milites

758 2531 933 2600 sibi
914 2560 1089 2629 ipsos
1103 2533 1229 2604 'ad
1259 2562 1551 2632 pugnam
1579 2562 1720 2608 esse
1752 2521 2263 2676 impedimento³
2281 2592 2300 2625 ‚
2282 2549 2570 2632 ·quartae
2594 2532 2876 2604 cohortis

757 2641 1065 2710 omnibus
1126 2644 1639 2714 Centurionibus
1682 2632 2463 2740 occisis⁴,Sig·11ife1-oque
2498 2640 2877 2724 interfecte,

757 2746 947 2838 signo
996 2749 1269 2836 amisso,
1307 2749 1707 2845 reliquarum
1767 2752 2139 2821 cohortium
2185 2751 2489 2820 omnibus
2533 2748 2669 2817 fere
2713 2749 2876 2816 Cen·

760 2853 1129 2924 turionibus
1171 2869 1287 2924 aut
1323 2856 1719 2947 vulneratis,
1756 2873 1872 2928 aut
1914 2860 2180 2945 occisis,
2212 2860 2280 2926 in
2317 2857 2418 2925 his
2461 2836 2854 2948 Primopilo⁵
2859 2903 2877 2937 ‚

759 2958 827 3024 Ρ.
893 2961 1114 3030 Sextio
1168 2948 1487 3051 Baculo⁶‚
1534 2964 1890 3034 fortissimo
1945 2967 2129 3052 viro,
2135 2963 2387 3033 ·multis
2447 2961 2880 3057 gravibusque

757 3064 1138 3138 vulneribus
1199 3070 1504 3141 confecto
1536 3125 1555 3159 ‚
1610 3086 1685 3140 ut
1735 3070 1875 3165 jam
1946 3096 2014 3140 se
2065 3071 2381 3139 sustinere
2439 3093 2573 3136 non
2629 3079 2881 3162 posset,

757 3170 1039 3266 reliquos
1082 3199 1222 3244 esse
1264 3177 1628 3265 tardiores3
1658 3192 1725 3247 et
1763 3176 2116 3247 nonnullos
2144 3177 2227 3245 ab
2264 3174 2628 3244 novissimis
2669 3173 2882 3242 deser·

783 3441 793 3454 .
854 3393 907 3443 7.
957 3375 1235 3429 oriebatur.
1285 3378 1369 3430 Al.

756 3453 899 3505 Male
927 3467 982 3506 et
1009 3468 1193 3508 eontra
1223 3454 1381 3510 codd.

841 3534 894 3586 8.
914 3534 1155 3588 Diui-m.
1174 3533 1242 3588 Id
1259 3536 1625 3601 eet,dioealio
1639 3536 1777 3591 loeo.

1419 3378 1777 3432 exauditum.

837 3612 967 3667 Cn.
1000 3615 1179 3667 XXV.
1221 3633 1268 3668 ι.
1303 3613 1475 3667 Casas·
1497 3614 1561 3667 ab
1586 3615 1781 3668 decha

757 3694 957 3762 legionis
982 3695 1329 3756 cohortatione,
1359 3707 1447 3747 etc.
1470 3693 1600 3748 Vid.
1627 3695 1777 3748 XXI.

756 3772 1192 3843 Lips.Elect.11,
1222 3793 1277 3843 7,
1302 3775 1426 3828 ntis
1451 3773 1699 3828 audacter
1726 3787 1782 3828 et

756 3853 870 3904 sine
905 3853 1214 3907 auctoritate
1242 3855 1497 3927 proponit
1528 3872 1542 3907 :
1578 3853 1776 3917 aaut,

757 3949 863 3984 eun
891 3933 1085 3986 deciam
1106 3935 1304 4004 legionis
1327 3935 1531 3988 cohorte.

842 4032 891 4066 α.
937 4012 1045 4066 Sibi
1084 4018 1226 4085 ἐμω.
1261 4015 1343 4068 Ita
1383 4012 1541 4068 codd.
1571 4014 1778 4086 Vulgo,

754 4090 849 4143 sibi
871 4095 1002 4163 ipsis.
1032 4093 1168 4148 Item
1197 4095 1365 4150 nonni
1393 4092 1550 4149 codd.
1584 4095 1697 4147 RR.

841 4172 893 4224 3.
907 4173 1261 4244 Inpedimenta.
1289 4176 1416 4229 Post
1442 4176 1549 4229 hoe
1574 4171 1781 4227 addunt

758 4253 1002 4306 nonnulli
1031 4255 1176 4308 vidie.
1200 4255 1433 4309 Frustra.

841 4336 894 4392 4.
931 4332 1135 4400 Quarta
1160 4335 1340 4387 cohor-t.
1377 4333 1591 4386 omnibus
1617 4345 1777 4386 centu·

1865 3382 1986 3429 tion.
2017 3380 2196 3429 occisis.
2224 3375 2489 3428 Plutarch.
2523 3374 2579 3426 in
2606 3373 2739 3427 Cos.
2769 3390 2881 3443 cap.

1870 3475 1965 3518 πο,
1993 3474 2024 3508 a
2043 3456 2252 3509 Nerviis
2269 3455 2446 3507 fusum
2460 3454 2752 3524 equitatum
2774 3456 2885 3521 ejus

1863 3534 2026 3600 dicit,
2049 3549 2102 3589 et
2131 3536 2356 3606 Appiam.
2398 3535 2574 3605 ipsum
2615 3531 2775 3584 fixisse
2818 3532 2885 3582 ab

1863 3614 2426 3668 iioohmmmineoue
2438 3612 2883 3683 quoeoufugerat.

1949 3693 1999 3747 5.
2033 3695 2096 3746 In
2119 3695 2194 3745 lais
2213 3693 2488 3764 prin-opilo.
2520 3689 2584 3744 Id
2615 3702 2694 3742 est
2722 3690 2888 3761 primi

1862 3773 1962 3845 pili
1990 3774 2317 3838 centurione,
2334 3773 2427 3843 qui
2453 3771 2658 3843 prlmus
2678 3769 2889 3822 triario-

1864 3871 1986 3906 rum
1998 3854 2257 3919 centurio,
2271 3853 2380 3906 sive
2393 3849 2700 3904 triariorum
2709 3849 2889 3920 pri-ma

1863 3933 1920 3985 in
1931 3933 2149 3987 echome
2161 3932 2433 4003 manipulo
2446 3928 2889 4002 praetacti-eli·

1862 4029 1996 4084 quoe
2012 4013 2346 4067 centuriones
2361 4009 2614 4081 dignitate
2628 4007 2892 4072 anteibet,

1864 4092 1974 4145 imo
1996 4091 2188 4147 ductor
2210 4107 2396 4148 eorum
2420 4102 2549 4143 eret.
2574 4086 2893 4158 primipilus

1863 4190 1922 4225 ac
1951 4173 2266 4244 primopilus
2295 4189 2443 4242 mque
2470 4168 2682 4221 dieitur.

1945 4256 1998 4305 6.
2027 4252 2241 4316 Baculo..
2259 4248 2394 4304 Cod.
2419 4260 2598 4304 ιιοιιει·
2613 4249 2679 4300 R.
2708 4247 2893 4314 5764,

1865 4334 2065 4393 Paccio,
2095 4350 2197 4401 pro
2221 4329 2425 4384 Baculo.
