3111 5147
753 553 904 642 4²3
1039 555 1116 623 C.
1172 552 1470 621 JULII
1525 549 2003 620 CAESARIS
2057 548 2611 618 COMMENT.

751 711 1006 775 suesse,
1039 684 1485 783 superioribus
1528 682 2017 752 commentariis
2050 679 2456 749 declaratum
2498 675 2682 768 est,)
2719 698 2885 751 stra-

751 808 1128 862 mentorum
1156 817 1234 861 ac
1261 788 1700 884 virgultorum
1721 842 1741 874 ‚
1776 812 2059 882 quorum
2095 811 2353 886 sumina
2379 802 2523 856 erat
2548 790 2619 856 in
2652 792 2885 859 castris

752 902 944 995 copia
964 953 984 987 ,
1034 924 1155 995 per
1207 920 1441 966 manus
1484 899 1658 964 inter
1701 920 1769 963 se
1823 894 2138 981 traditos,
2182 908 2336 962 ante
2405 897 2615 963 aciem
2681 894 2885 964 collo-

750 1020 1072 1076 caverunt
1087 1059 1106 1094 ‚
1149 1019 1573 1096 extremoque
1601 1016 1901 1096 tempore
1942 1000 2108 1088 diei,
2139 1001 2326 1095 signo
2369 1002 2885 1096 pronunciato⁷‚

750 1137 888 1181 uno
942 1126 1240 1206 tempore
1297 1108 1750 1178 incenderunt.
1806 1110 1911 1177 Ita
1955 1108 2298 1177 continens
2354 1108 2623 1176 flamma
2662 1111 2886 1204 copias

751 1243 980 1287 omnes
1017 1231 1288 1312 repente
1327 1239 1366 1284 a
1408 1229 1767 1311 conspectu
1808 1215 1970 1283 texit
2011 1215 2486 1283 Romanorum.
2521 1213 2731 1304 Quod
2772 1215 2885 1286 ubi

754 1323 993 1394 accidit
1011 1309 1034 1347 ⁸
1051 1379 1070 1411 ‚
1113 1323 1377 1392 barbari
1411 1322 1985 1391 vehementissimo
2025 1345 2223 1389 cursu
2265 1320 2598 1415 fugerunt.

859 1431 1047 1499 XVI·
1105 1432 1362 1516 Caesar,
1416 1431 1537 1497 etsi
1597 1427 1955 1497 discessum
2009 1426 2298 1496 hostium
2359 1427 2885 1496 animadvertere

755 1562 889 1606 non
915 1551 1175 1631 poterat
1192 1590 1213 1625 ,
1238 1535 1551 1604 incendiis
1582 1535 1934 1630 oppositis3
1962 1548 2183 1602 tamen
2208 1533 2275 1602 id
2299 1532 2651 1604 consilium
2683 1559 2879 1629 quum

756 1643 928 1738 fugae
969 1667 1169 1713 causa
1220 1644 1455 1711 initum
1498 1644 1971 1736 suspicaretur,
2007 1638 2294 1734 legiones
2324 1657 2716 1736 promovet,
2752 1656 2882 1709 tur-

754 1773 896 1818 mas
919 1751 1121 1818 mittit
1149 1748 1233 1817 ad
1261 1748 1733 1842 insequendum
1766 1773 1780 1815 t
1812 1750 1952 1842 ipse
1984 1747 2234 1815 veritus
2258 1747 2523 1816 insidias
2544 1801 2565 1834 ‚
2602 1772 2691 1815 ne
2720 1747 2883 1817 forte

756 1858 824 1922 in
869 1854 1101 1923 eodem
1156 1852 1304 1923 loco
1361 1854 1712 1923 subsistere
1740 1852 1757 1877 ¹
1796 1853 2002 1923 hostis
2023 1906 2042 1940 ‚
2081 1867 2276 1947 atque
2334 1853 2572 1922 elicere
2625 1869 2885 1923 nostros

757 1961 826 2029 in
867 1959 1089 2030 locum
1132 1975 1485 2029 conaretur
1524 1962 1822 2054 iniquum
1842 2013 1862 2047 ,
1897 1958 2147 2029 tardius
2194 1960 2537 2055 procedit..
2570 1959 2882 2055 Equitoe’

757 2091 962 2161 quum
991 2068 1239 2136 intrare
1264 2066 1521 2135 fumum
1539 2052 1563 2091 ³
1592 2080 1660 2136 et
1693 2067 2025 2135 flammam
2063 2066 2513 2135 densissimam
2539 2068 2886 2154 timerent3

762 2196 875 2263 ac,
917 2175 971 2243 si
1007 2175 1120 2268 qui
1155 2172 1453 2268 cupidius
1496 2175 1935 2262 intraverant,
1977 2175 2089 2242 vix
2143 2198 2411 2244 suorum
2453 2174 2582 2269 ipsi
2637 2175 2885 2268 priores

761 2295 982 2375 partes
1020 2280 1440 2350 adverterent
1456 2266 1479 2312 ⁶
1514 2305 1871 2375 equorum3
1910 2279 2177 2349 insidias
2217 2281 2441 2365 veriti,
2474 2278 2757 2348 liberam
2796 2279 2881 2349 fa-

768 2476 922 2526 torum
944 2484 1003 2515 ac
1020 2464 1364 2534 virgultorum,
1391 2476 1478 2515 ete.
1504 2463 1596 2515 Nil
1621 2461 1780 2517 credo

766 2542 865 2597 hac
904 2544 1336 2614 interpretatione
1377 2540 1622 2617 lucidius.
1669 2543 1720 2596 N
1721 2562 1781 2596 ec

767 2622 1030 2675 monitum
1041 2622 1347 2688 Hirtii,nam
1369 2626 1420 2674 in
1443 2627 1573 2684 acie,
1595 2634 1685 2686 etc.
1704 2624 1783 2675 in-

765 2702 965 2755 sulsum
981 2713 1089 2765 est,
1109 2720 1207 2754 nec
1234 2701 1462 2754 alienum
1478 2741 1496 2766 ‚
1519 2703 1601 2754 uti
1628 2702 1785 2755 Davi·

766 2782 873 2847 sio,
899 2793 954 2834 et
978 2782 1250 2835 nonnullis
1271 2780 1444 2834 visum
1472 2793 1580 2847 est,
1610 2800 1782 2855 neque

769 2862 837 2914 ab
866 2861 1048 2932 inepto
1076 2862 1278 2928 scriba,
1312 2874 1372 2914 ut
1398 2861 1575 2926 aiunt,
1618 2862 1782 2915 inter-

769 2941 1007 3011 polatum
1031 2959 1045 2993 τ
1079 2959 1202 2993 nam
1231 2942 1287 2993 in
1315 2939 1565 2994 omnibus
1592 2939 1748 2995 codd.
1764 2979 1782 3008 ,

769 3036 839 3073 ne
865 3038 974 3072 uno
1003 3018 1222 3091 quidem
1249 3034 1500 3093 excepto,
1524 3022 1673 3074 locus
1699 3021 1783 3074 in-

769 3111 914 3171 teger
926 3112 979 3152 et
988 3100 1326 3172 incorruptus
1336 3100 1529 3172 legitur
1539 3119 1552 3154 :
1562 3101 1784 3172 pessime

770 3179 933 3250 igitur
961 3179 1244 3233 Oberlinus
1270 3198 1361 3233 sua
1386 3180 1696 3234 auctoritate
1718 3181 1784 3233 il·

770 3258 884 3311 lum
927 3278 958 3312 e
996 3279 1088 3313 sua
1129 3259 1362 3315 editione
1395 3258 1592 3331 rejecit.
1625 3261 1783 3313 Hunc

768 3337 1152 3392 restituendum
1178 3340 1490 3393 curavimus.

853 3436 907 3487 7.
927 3417 1081 3487 Signo
1096 3423 1426 3489 pmnunciaw.
1457 3418 1697 3489 Intellige
1712 3418 1782 3472 si·

769 3514 931 3569 gnum
951 3516 1048 3569 per
1067 3511 1312 3551 tesseram
1329 3495 1583 3550 dandum.
1605 3500 1783 3555 savon-

772 3594 970 3648 umseu
995 3572 1346 3638 tessera(vide
1370 3576 1465 3629 lib.
1497 3594 1575 3639 ιι,
1601 3596 1647 3629 c.
1680 3597 1781 3644 ao,

771 3670 881 3709 not.
905 3653 1108 3719 ‘fiduci
1130 3656 1265 3709 forte
1288 3655 1566 3710 Gallorum
1592 3656 1784 3728 cuique

770 3733 890 3789 data
899 3736 1212 3801 fuerat‚ut.si
1221 3733 1785 3807 quandopronunciari

771 3833 885 3869 eam
898 3812 1164 3867 audissent
1172 3851 1189 3878 ‚
1200 3813 1543 3870 incenderent
1550 3830 1784 3869 sarmen-

769 3907 822 3949 ta
838 3933 855 3960 ,
884 3907 939 3946 et
965 3894 1140 3965 fugam
1171 3906 1526 3967 capesset-eun
1551 3894 1693 3949 unde
1716 3901 1783 3949 si·

766 3978 1203 4045 gnopmnunct‘ato.
1220 3976 1390 4029 Rarus
1402 3974 1656 4047 loquendi
1669 3994 1783 4029 mo·

771 4052 889 4107 dus.
905 4053 1116 4124 Alioqui
1153 4058 1341 4124 signum
1367 4054 1484 4107 dare
1504 4055 1783 4126 scriptores

772 4132 1012 4204 plerique
1026 4169 1043 4198 ‚
1072 4146 1125 4186 et
1145 4134 1259 4205 ipse
1286 4135 1458 4189 Cesar
1487 4133 1690 4187 dicunt.

852 4211 906 4263 8.
928 4212 1079 4281 Quod
1100 4213 1182 4265 aba·
1202 4213 1402 4276 accidit,
1430 4224 1519 4266 etc.
1548 4214 1619 4266 Et
1643 4212 1782 4268 istud

770 4301 1076 4362 stratagema
1104 4292 1332 4347 minime·
1360 4293 1645 4351 barbarum
1674 4306 1751 4349 est
1767 4331 1784 4361 ,

1868 2459 2041 2516 simile
2056 2462 2165 2516 fere
2176 2461 2251 2515 illi
2266 2481 2377 2535 quo
2396 2481 2524 2516 usus
2541 2475 2626 2516 est
2642 2462 2883 2527 Annibal.

1867 2556 1930 2596 ut
1954 2561 2038 2608 se,
2068 2542 2123 2596 in
2153 2543 2293 2597 bello
2318 2541 2555 2609 Punico,
2584 2561 2615 2597 e
2645 2544 2883 2596 manibus

1867 2622 2017 2675 Fabii
2056 2623 2197 2677 Max.
2241 2622 2514 2677 dictatoris
2550 2622 2879 2676 subduceret.

1946 2703 2076 2756 Cu.
2101 2703 2252 2757 XVI.
2280 2721 2326 2755 1.
2342 2702 2626 2756 subsistere.
2650 2703 2883 2757 Davisius

1869 2801 1933 2835 ex
1958 2780 2113 2836 codd.
2149 2782 2362 2836 Nor-vic.
2395 2794 2449 2836 et
2476 2781 2608 2836 edit.
2645 2779 2885 2837 Bao-Idi

1868 2862 2105 2933 reposuit
2152 2862 2437 2914 wbsisoeret.
2482 2862 2591 2914 Alii
2628 2876 2684 2915 et
2722 2861 2883 2916 nostri

1868 2939 2024 2994 codd.
2050 2942 2315 2994 subsistere.
2337 2943 2580 2995 Davisius
2602 2954 2777 2996 mutat
2791 2943 2885 2994 lec-

1867 3021 2094 3087 tionem,
2121 3039 2180 3074 ea
2200 3024 2308 3076 sola
2329 3020 2495 3075 fretus
2510 3022 2749 3087 ratione,
2767 3021 2885 3094 quia

1868 3101 2017 3154 nullo
2043 3102 2280 3155 barbaris
2303 3120 2441 3174 opus
2466 3114 2580 3155 erat
2598 3115 2799 3155 conatu
2820 3098 2886 3154 sd

1869 3178 2155 3234 tenendum
2171 3182 2349 3235 locum
2357 3200 2517 3254 quem
2534 3194 2884 3252 occuparent,

1868 3278 2133 3333 quemque
2172 3262 2397 3315 Romani
2436 3280 2503 3315 ne
2544 3261 2886 3314 tentavissent

1868 3339 2100 3411 quidem.
2110 3340 2329 3393 Infirma
2338 3339 2615 3394 admodum
2628 3339 2725 3391 ista
2738 3339 2879 3392 ratio

1869 3418 2095 3473 videtur.
2130 3418 2302 3473 Codd.
2328 3421 2601 3475 lectionem
2628 3416 2837 3470 damus.

1952 3519 2003 3552 a.
2037 3501 2266 3572 Equites,
2299 3512 2385 3552 etc.
2424 3500 2548 3552 Hac
2578 3499 2796 3551 brevius
2832 3511 2883 3550 et

1868 3577 2204 3651 indiligenter
2239 3580 2469 3633 narravit
2493 3579 2597 3632 Dio
2617 3579 2763 3632 Cass.
2782 3596 2880 3643 xz,
2914 3628 2931 3643 ,

1873 3665 1962 3723 4²·
1996 3659 2073 3712 Μ.
2542 3660 2547 3665 ’

1953 3740 2004 3792 3.
2034 3739 2253 3792 Fumum.
2285 3737 2455 3790 codd.
2484 3738 2593 3790 fere
2616 3755 2803 3791 omnes
2828 3748 2879 3789 et

1868 3818 2033 3871 nostri
2052 3818 2164 3870 RR.
2186 3837 2408 3869 sumntum
2418 3820 2608 3887 jugum.
2630 3818 2756 3869 Non
2776 3836 2881 3869 ma·

1866 3898 1917 3950 le
1947 3904 2105 3951 certe.
2127 3895 2539 3968 Oudendorpius
2563 3897 2655 3949 eui
2674 3916 2785 3949 non
2807 3915 2883 3949 arb

1868 3974 2075 4030 ridebat
2092 3975 2189 4028 ista
2205 3976 2360 4028 lectio
2375 4013 2391 4041 ,
2403 3976 2689 4047 proposuit
2693 3978 2879 4044 fimu-

1857 4058 2041 4127 jugem.
2064 4055 2341 4127 Ingeniosa
2354 4067 2433 4108 est
2443 4057 2750 4126 conjectura
2765 4094 2784 4119 ‚
2796 4052 2885 4107 sed

1867 4136 2013 4189 nulla
2025 4135 2330 4188 auctoritate
2341 4132 2498 4187 codd.
2514 4134 2751 4201 firmata3
2765 4154 2888 4206 qua·

1867 4228 2085 4288 propter
2112 4215 2186 4267 nil
2206 4227 2371 4268 muto.

1953 4301 2007 4361 4.
2038 4294 2368 4349 Adceercemnt.
2397 4294 2582 4349 Nostri
2606 4293 2765 4348 codd.
2789 4295 2894 4345 eni-
