3111 5147
694 536 789 616 56
980 546 1055 614 c.
1111 515 1391 613 JUL1‘1
1447 541 1909 611 CAESARIS
1963 539 2508 609 coMMEN‘r.

683 698 1048 745 romanum.
1104 678 1461 768 Nunquam
1511 687 1663 741 ante
1717 672 1846 740 hoc
1890 685 2150 765 tempus
2187 673 2544 740 exercitum
2573 671 2804 767 populi

680 784 937 850 romani
980 780 1208 850 Galliae
1252 780 1607 875 provinciae
1654 777 1817 846 fines
1841 801 2194 870 egressum
2210 775 2253 844 ⁹.
2292 777 2472 866 Quid
2515 778 2638 846 sibi
2673 777 2806 848 vel·

679 886 816 957 let?
844 890 984 956 Cur
1035 889 1103 954 in
1161 911 1310 955 suas
1354 885 1793 979 possessiones
1834 881 2133 951 veniret?
2159 885 2571 952 Provinciam
2599 908 2802 955 -suam

680 1018 820 1063 esse
862 994 1035 1062 hanc
1058 991 1105 1016 ¹⁰
1141 990 1458 1078 Galliam,
1486 992 1655 1059 sicut
1695 988 1872 1058 illam
1915 1005 2226 1058 nostram.
2253 990 2507 1084 Ut'ipsi
2529 990 2803 1062 concedi

677 1125 815 1169 non
859 1111 1233 1193 oporteret,
1270 1100 1323 1165 si
1343 1143 1350 1150 -
1368 1099 1446 1194 in·
1485 1110 1743 1165 nostros
1794 1095 1956 1163 fines
2009 1097 2328 1189 impetum
2375 1094 2621 1165 faceret
2658 1122 2672 1163 :
2707 1099 2802 1166 sic

676 1206 835 1273 item
871 1229 994 1273 nos
1031 1226 1171 1272 esse
1212 1205 1468 1297 iniquos
1489 1255 1509 1287 ‚
1537 1203 1651 1296 qui
1687 1204 1755 1270 in
1785 1226 1904 1270 suo
1931 1201 2082 1293 jure
2117 1226 2187 1270 se
2215 1201 2796 1296 interpellaremus.

678 1310 880 1400 Quod
924 1309 1159 1378 fratres
1203 1333 1242 1376 a
1298 1312 1544 1376 Senatu
1567 1306 1608 1331 ¹¹
1648 1306 1895 1375 AEduos
1939 1305 2299 1402 appellatos
2340 1307 2586 1376 diceret
2603 1361 2624 1396 ‚
2663 1334 2800 1377 non

677 1441 748 1485 se
790 1432 925 1486 tam
968 1415 1323 1485 barbarum
1343 1467 1362 1501 ‚
1396 1438 1610 1507 neque
1652 1428 1790 1482 tam
1831 1415 2208 1507 imperitum
2253 1438 2394 1482 esse
2437 1438 2659 1482 rerum
2677 1467 2698 1502 ,
2724 1430 2803 1484 ut

674 1546 813 1590 non
874 1524 1069 1590 sciret
1086 1575 1106 1609 ‚
1149 1545 1363 1615 neque
1418 1519 1591 1589 bello
1647 1518 2078 1613 Allobrogum
2137 1521 2438 1613 proximo
2468 1516 2514 1545 ¹²
2553 1519 2801 1589 AEduos

654 1630 993 1697 ‘Romanis
1048 1625 1360 1696 auxilium
1419 1625 1642 1694 tulisse
1661 1678 1680 1713 ‚
1710 1649 1921 1720 neque
1962 1627 2160 1719 ipsos.
2181 1627 2249 1694 in
2290 1626 2392 1694 his
2434 1627 2798 1695 contentio-

672 1734 869 1804 nibus
890 1787 909 1820 ,
936 1758 1100 1828 quas
1148 1733 1344 1800 AEdui
1407 1756 1630 1800 secum
1690 1746 1756 1799 et
1815 1755 1969 1799 cum
2020 1732 2337 1824 Sequanis
2379 1732 2761 1801 habuissent
2779 1785 2799 1821 ,

674 1837 915 1908 auxilio
970 1836 1199 1933 populi
1268 1839 1524 1905 romani
1589 1861 1743 1905 usos
1796 1861 1952 1905 esse.
1977 1880 1978 1883 =
1999 1836 2260 1906 Debere
2319 1862 2388 1906 se
2442 1840 2799 1931 suspicari,

673 1945 978 2013 simulata
1020 1947 1347 2013 Caesarem
1393 1944 1676 2011 amicitia
1694 1995 1714 2029 ‚
1744 1942 1921 2036 quod
1953 1944 2311 2011 exercitum
2347 1946 2414 2011 in
2443 1943 2657 2013 Gallia
2690 1945 2802 2014 ha·

672 2050 828 2117 beat
850 2103 869 2137 ,
925 2051 1025 2116 sui
1081 2046 1495 2143 opprimendi
1550 2071 1747 2117 causa
1800 2047 2061 2116 hahere.
2115 2050 2252 2137 Qui
2309 2051 2432 2117 nisi
2484 2048 2798 2137 decedat,

674 2168 871 2247 atque
906 2157 1264 2224 exercitum
1300 2153 1583 2222 deducat
1612 2178 1692 2221 ex
1725 2154 1826 2221 his
1854 2155 2251 2247 regionibuS‚
2280 2179 2420 2223 sese
2447 2154 2631 2223 illum
2661 2181 2797 2224 non

671 2285 798 2354 pro
835 2263 1048 2329 amico
1067 2280 1093 2348 ‚‘
1123 2260 1235 2329 sed
1278 2284 1402 2353 pro
1444 2260 1634 2327 hoste
1666 2258 2043 2327 habiturum
2069 2285 2084 2326 ε
2115 2260 2294 2354 quod
2334 2263 2386 2329 si
2421 2286 2574 2330 eum
2606 2264 2802 2330 inter-

673 2367 940 2454 fecerit,
976 2365 1197 2435 multis
1241 2390 1381 2435 sese
1424 2364 1785 2452 nobilibus,
1827 2366 2360 2460 principibusque
2411 2365 2639 2462 populi
2688 2392 2794 2436 ro·

671 2475 852 2540 mani
904 2487 1165 2566 gratum
1225 2495 1364 2539 esse
1422 2417 1806 2600 facturum}
1846 2470 1913 2539 id
1965 2492 2033 2539 se
2074 2472 2160 2540 ab
2209 2474 2362 2566 ipsis
2405 2497 2525 2567 per
2564 2497 2794 2542 eorum

671 2579 950 2647 nuncios
1009 2591 1423 2670 compertum
1482 2560 1794 2645 habere¹³
1799 2630 1819 2664 ‚
1852 2602 2133 2670 quorum
2176 2581 2471 2648 omnium
2516 2582 2794 2700 gratiam

671 2698 868 2777 atque
929 2685 1279 2751 amicitiam
1339 2682 1478 2775 ejus
1539 2698 1751 2751 morte
1808 2683 2125 2753 redimere
2184 2701 2421 2779 posset.
2486 2685 2689 2775 Quod
2741 2689 2794 2756 si

753 2870 806 2919 9.
821 2850 875 2903 F
872 2854 968 2902 ines
992 2870 1241 2921 egressum.
1270 2851 1395 2905 Mss.
1420 2852 1688 2923 plerique,
1776 2852 2092 2927 igitur-quod
2117 2852 2184 2907 ad
2211 2873 2365 2907 voces
2383 2873 2501 2916 ase,
2528 2866 2581 2906 et
2590 2855 2795 2922 fratres,

668 2930 845 3002 inquit
874 2928 1221 3002 Oudendorp.
1241 2970 1258 2998 ‚
1293 2931 1489 2984 habent
1505 2930 1691 3001 finibus

669 3029 928 3079 effessum,
952 3011 1041 3064 alii
1053 3011 1182 3081 fines
1208 3016 1482 3080 bngressum.
1504 3011 1689 3064 Malim

655 3089 841 3159 finibus
861 3110 1033 3161 σεται.
1061 3110 1125 3144 ex
1149 3103 1331 3144 nostro
1361 3088 1480 3144 cod.
1514 3092 1544 3145 5
1553 3092 1684 3162 763

756 3188 777 3222 1
788 3189 838 3223 ο.
857 3171 1157 3223 Provinciam
1176 3191 1311 3222 suam
1329 3191 1425 3223 esse
1437 3172 1575 3233 hanc,
1595 3184 1685 3223 etc.

669 3248 840 3311 Hanc,
873 3249 966 3301 ubi
1003 3262 1083 3303 est
1116 3251 1360 3304 Ariovist.
1392 3251 1558 3313 illam,
1593 3251 1687 3303 ubi

666 3339 748 3378 est
778 3328 968 3381 Caesar.

755 3423 777 3457 1
796 3424 843 3458 1.
888 3406 1040 3476 Quod
1056 3407 1241 3473 fratr-es
1280 3426 1311 3458 a
1340 3406 1536 3460 Senatu.
1554 3406 1682 3462 Vid

665 3503 711 3537 c.
746 3485 838 3538 33.
863 3486 1092 3557 Vulgata
1114 3485 1233 3538 lect.
1269 3486 1419 3555 Quod
1447 3506 1506 3537 ex
1535 3486 1590 3539 S.
1622 3487 1681 3540 C.

666 3565 866 3616 AEduos
884 3566 1144 3637 appellatos
1158 3569 1331 3616 ama-os
1349 3565 1540 3618 diceret.
1561 3566 1613 3617 N
1612 3584 1683 3618 on

664 3644 801 3696 male
822 3658 995 3711 certe,
1019 3642 1113 3697 sed
1143 3663 1206 3696 ex
1236 3642 1496 3697 sexdecim
1523 3643 1681 3699 codd.

663 3722 772 3776 suis
797 3722 1143 3795 Oudendorp.
1166 3722 1524 3823 reponendam
1543 3722 1685 3794 judi·

663 3802 804 3855 cavit
821 3804 1101 3857 lectionem
1123 3794 1557 3868 nostram31⁰in
1574 3822 1685 3857 om-

663 3881 822 3934 nibus
850 3883 959 3936 fere
982 3880 1138 3938 codd.
1167 3896 1331 3937 exstat
1356 3903 1459 3937 vox
1468 3886 1679 3951 fian-es,

664 3971 719 4012 et
736 3960 793 4012 in
813 3975 994 4016 nostro
1020 3964 1383 4035 antiquissimo
1402 3966 1464 4018 R.
1496 3966 1526 4018 5
1534 3964 1680 4035 763

668 4029 1279 4096 2⁰nu11uscod.habet
1307 4065 1366 4096 ex
1395 4044 1450 4097 S.
1485 4045 1563 4105 C,·
1586 4041 1680 4096 sed

1774 2933 1909 2986 nihil
1933 2948 2011 2987 est
2040 2933 2189 2987 dubii
2214 2953 2277 2986 ex
2306 2931 2460 2986 codd.
2491 2931 2594 2986 Sed
2618 2938 2796 2986 amae'coe

1774 3013 2018 3066 nonnulli
2042 3014 2267 3078 habent,
2295 3025 2354 3065 ut
2384 3012 2502 3066 cod.
2525 3014 2589 3065 R.
2621 3014 2796 3083 5764,

1774 3091 1947 3145 forsan
1965 3111 1996 3145 e
2011 3093 2193 3164 glossa.
2225 3094 2468 3145 Attamen
2490 3111 2612 3146 cum
2637 3111 2796 3163 groec.

1774 3173 1992 3244 interpr.
2029 3169 2306 3244 legendum
2332 3170 2685 3225 crediderim:
2717 3174 2795 3225 ὅτι

1772 3247 1831 3304 δὲ
1860 3253 1919 3305 σὺ
1946 3252 2033 3322 φὴς
2059 3254 2167 3312 τοὺς
2188 3241 2384 3311 ἐδουεῖς
2407 3245 2547 3313 (ιιοιι
2565 3246 2793 3317 Aeaeae«,

1772 3343 1833 3382 ut
1858 3332 2018 3385 habet
2038 3328 2290 3395 Strabo),
2314 3332 2468 3400 φίλους
2496 3350 2550 3382 τι
2571 3329 2654 3382 καὶ
2673 3350 2799 3401 συμ-

1772 3412 1957 3480 μάχους
1985 3411 2080 3462 ὑπὸ
2113 3400 2347 3480 ῥωμαίων
2386 3410 2635 3480 γιρουσίας
2667 3411 2796 3461 ἀνα-

1770 3495 2075 3558 γορευθῆναι,
2102 3489 2234 3561 quod
2254 3489 2374 3541 dicis
2392 3489 2589 3542 Aeduos
2615 3493 2798 3540 «πιέσω

1771 3580 1819 3618 et
1832 3570 2015 3636 fratres
2025 3563 2045 3629 (
2056 3568 2216 3621 freres
2229 3566 2283 3620 d’
2282 3587 2466 3634 armes,
2480 3565 2796 3639 συμμάχους)

1771 3659 1982 3699 asenam
2003 3647 2321 3698 Romanorum
2345 3648 2604 3720 appellatos
2614 3650 2793 3715 fuisse,

1770 3737 1857 3779 etc.
1893 3725 2088 3779 Videat
2115 3727 2295 3779 lector.

1844 3825 1865 3858 1
1881 3825 1930 3857 a.
1950 3806 2077 3858 Bell.
2095 3805 2287 3858 Allobr.
2301 3809 2536 3878 proximo.
2551 3803 2678 3877 Sup.
2692 3807 2796 3859 vl.

1847 3903 1869 3937 1
1884 3885 1935 3937 3.
1956 3885 2022 3937 Id
2039 3906 2122 3937 se..
2138 3926 2150 3938 .
2161 3897 2442 3957 compertum
2460 3885 2645 3938 hahere.
2665 3884 2798 3937 Hac

1768 3964 1834 4016 ab
1859 3964 2122 4018 Ariovisto
2162 3964 2411 4018 insidiose
2454 3965 2508 4018 in
2553 3962 2793 4018 medium

1766 4043 1917 4097 allata
1931 4084 1948 4110 ,
1993 4064 2102 4098 non
2133 4045 2246 4098 sine
2281 4044 2546 4117 probabili
2585 4043 2794 4097 ratione

664 4133 847 4173 omnes
870 4123 1004 4174 vela
1019 4143 1083 4176 se.
1104 4142 1228 4176 cum
1245 4137 1445 4196 puncto
1469 4124 1677 4194 legunt,
1760 4121 2121 4195 judicaverim.
2143 4124 2279 4177 Nam
2309 4135 2362 4176 et
2388 4123 2581 4176 Camari
2607 4124 2793 4175 Rom

644 4196 808 4250 'unde
851 4201 1253 4274 conjiciendum·
1281 4224 1312 4255 a
1351 4216 1517 4255 senatu
1536 4225 1555 4264 ,-
1593 4203 1676 4254 vel
1762 4215 1912 4256 erant
1941 4205 2140 4258 inimici
2164 4201 2652 4275 ardentissimi,qni
2678 4204 2790 4274 jam

650 4277 948 4345 omittunt,
970 4292 1035 4332 ut
1063 4294 1241 4335 noster
1279 4285 1344 4335 R.
1391 4283 1560 4351 5763.
1599 4283 1679 4335 Ita
1761 4283 1818 4334 in
1847 4284 2134 4354 perniciem
2162 4286 2272 4353 ejus
2291 4284 2722 4354 conjuraverant.
