<?xml version="1.0" encoding="UTF-8"?>
<!DOCTYPE html PUBLIC "-//W3C//DTD XHTML 1.0 Transitional//EN"
    "http://www.w3.org/TR/xhtml1/DTD/xhtml1-transitional.dtd">
<html xmlns="http://www.w3.org/1999/xhtml" xml:lang="en" lang="en">
 <head>
  <title>
</title>
<meta http-equiv="Content-Type" content="text/html;charset=utf-8" />
  <meta name='ocr-system' content='tesseract 3.04.00' />
  <meta name='ocr-capabilities' content='ocr_page ocr_carea ocr_par ocr_line ocrx_word'/>
</head>
<body>
  <div class='ocr_page' id='page_1' title='image "./caesaradbodices00caesgoog_0087.png"; bbox 0 0 3111 5147; ppageno 0'>
   <div class='ocr_carea' id='block_1_1' title="bbox 578 535 2370 615">
    <p class='ocr_par' dir='ltr' id='par_1_1' title="bbox 578 535 2370 615">
     <span class='ocr_line' id='line_1_1' title="bbox 578 535 2370 615; baseline 0.006 -10"><span class='ocrx_word' id='word_1_1' title='bbox 578 535 719 605; x_wconf 89' lang='lat' dir='ltr'><strong>DE</strong></span> <span class='ocrx_word' id='word_1_2' title='bbox 772 536 1114 604; x_wconf 91' lang='lat' dir='ltr'>BELLO</span> <span class='ocrx_word' id='word_1_3' title='bbox 1168 536 1660 607; x_wconf 84' lang='lat' dir='ltr'>GALLICO.</span> <span class='ocrx_word' id='word_1_4' title='bbox 1718 541 1903 609; x_wconf 90' lang='lat' dir='ltr'><strong>LIB.</strong></span> <span class='ocrx_word' id='word_1_5' title='bbox 1959 543 2011 608; x_wconf 94' lang='lat' dir='ltr'><strong>I.</strong></span> <span class='ocrx_word' id='word_1_6' title='bbox 2276 542 2370 615; x_wconf 81' lang='lat'><strong>53</strong></span> 
     </span>
    </p>
   </div>
   <div class='ocr_carea' id='block_1_2' title="bbox 232 668 2401 2991">
    <p class='ocr_par' dir='ltr' id='par_1_2' title="bbox 232 668 2392 2437">
     <span class='ocr_line' id='line_1_2' title="bbox 232 668 2375 766; baseline 0.001 -25"><span class='ocrx_word' id='word_1_7' title='bbox 232 670 424 759; x_wconf 77' lang='lat' dir='ltr'><strong>latis,</strong></span> <span class='ocrx_word' id='word_1_8' title='bbox 453 668 606 739; x_wconf 82' lang='lat' dir='ltr'><strong>fore</strong></span> <span class='ocrx_word' id='word_1_9' title='bbox 625 722 645 759; x_wconf 90' lang='lat'>‚</span> <span class='ocrx_word' id='word_1_10' title='bbox 669 669 768 737; x_wconf 90' lang='lat' dir='ltr'><strong>uti</strong></span> <span class='ocrx_word' id='word_1_11' title='bbox 809 669 1167 763; x_wconf 81' lang='lat' dir='ltr'>pertinacia</span> <span class='ocrx_word' id='word_1_12' title='bbox 1206 669 1560 738; x_wconf 82' lang='lat' dir='ltr'><strong>desisteret.</strong></span> <span class='ocrx_word' id='word_1_13' title='bbox 1598 672 1758 740; x_wconf 88' lang='lat' dir='ltr'><strong>Dies</strong></span> <span class='ocrx_word' id='word_1_14' title='bbox 1800 670 2126 766; x_wconf 90' lang='lat' dir='ltr'><strong>colloquio</strong></span> <span class='ocrx_word' id='word_1_15' title='bbox 2161 672 2375 744; x_wconf 84' lang='lat' dir='ltr'><strong>dictus</strong></span> 
     </span>
     <span class='ocr_line' id='line_1_3' title="bbox 234 772 2374 873; baseline 0 -26"><span class='ocrx_word' id='word_1_16' title='bbox 234 792 371 864; x_wconf 89' lang='lat' dir='ltr'><strong>est,</strong></span> <span class='ocrx_word' id='word_1_17' title='bbox 407 801 497 846; x_wconf 86' lang='lat' dir='ltr'><strong>ex</strong></span> <span class='ocrx_word' id='word_1_18' title='bbox 542 798 625 844; x_wconf 92' lang='lat' dir='ltr'><strong>eo</strong></span> <span class='ocrx_word' id='word_1_19' title='bbox 667 775 775 844; x_wconf 88' lang='lat' dir='ltr'><strong>die</strong></span> <span class='ocrx_word' id='word_1_20' title='bbox 816 776 1098 869; x_wconf 84' lang='lat' dir='ltr'><strong>quintus.</strong></span> <span class='ocrx_word' id='word_1_21' title='bbox 1141 776 1451 865; x_wconf 86' lang='lat' dir='ltr'><strong>Interim,</strong></span> <span class='ocrx_word' id='word_1_22' title='bbox 1484 801 1690 869; x_wconf 88' lang='lat' dir='ltr'><strong>quum</strong></span> <span class='ocrx_word' id='word_1_23' title='bbox 1741 802 1910 873; x_wconf 82' lang='lat' dir='ltr'><strong>saepe</strong></span> <span class='ocrx_word' id='word_1_24' title='bbox 1959 776 2134 847; x_wconf 89' lang='lat' dir='ltr'><strong>ultro</strong></span> <span class='ocrx_word' id='word_1_25' title='bbox 2179 772 2374 848; x_wconf 55' lang='lat' dir='ltr'><strong>citross</strong></span> 
     </span>
     <span class='ocr_line' id='line_1_4' title="bbox 237 882 2379 979; baseline 0.002 -28"><span class='ocrx_word' id='word_1_26' title='bbox 237 908 369 979; x_wconf 90' lang='lat' dir='ltr'><strong>que</strong></span> <span class='ocrx_word' id='word_1_27' title='bbox 430 882 641 977; x_wconf 87' lang='lat' dir='ltr'><strong>legati</strong></span> <span class='ocrx_word' id='word_1_28' title='bbox 700 884 873 949; x_wconf 87' lang='lat' dir='ltr'><strong>inter</strong></span> <span class='ocrx_word' id='word_1_29' title='bbox 911 905 1025 950; x_wconf 92' lang='lat' dir='ltr'><strong>eos</strong></span> <span class='ocrx_word' id='word_1_30' title='bbox 1075 883 1492 951; x_wconf 81' lang='lat' dir='ltr'><strong>mitterentur</strong></span> <span class='ocrx_word' id='word_1_31' title='bbox 1509 936 1529 969; x_wconf 91' lang='lat'><strong>,</strong></span> <span class='ocrx_word' id='word_1_32' title='bbox 1575 883 1941 953; x_wconf 86' lang='lat' dir='ltr'><strong>Ariovistus</strong></span> <span class='ocrx_word' id='word_1_33' title='bbox 1982 882 2340 979; x_wconf 85' lang='lat' dir='ltr'><strong>postulavit</strong></span> <span class='ocrx_word' id='word_1_34' title='bbox 2357 938 2379 975; x_wconf 93' lang='lat'><strong>,</strong></span> 
     </span>
     <span class='ocr_line' id='line_1_5' title="bbox 240 985 2382 1083; baseline 0.001 -25"><span class='ocrx_word' id='word_1_35' title='bbox 240 998 327 1058; x_wconf 86' lang='lat' dir='ltr'><strong>ne</strong></span> <span class='ocrx_word' id='word_1_36' title='bbox 368 1012 579 1083; x_wconf 88' lang='lat' dir='ltr'><strong>quem</strong></span> <span class='ocrx_word' id='word_1_37' title='bbox 623 987 911 1083; x_wconf 84' lang='lat' dir='ltr'><strong>peditem</strong></span> <span class='ocrx_word' id='word_1_38' title='bbox 938 985 1021 1055; x_wconf 85' lang='lat' dir='ltr'><strong>ad</strong></span> <span class='ocrx_word' id='word_1_39' title='bbox 1065 986 1463 1081; x_wconf 85' lang='lat' dir='ltr'><strong>colloquium</strong></span> <span class='ocrx_word' id='word_1_40' title='bbox 1494 989 1716 1058; x_wconf 81' lang='lat' dir='ltr'><strong>Caesar</strong></span> <span class='ocrx_word' id='word_1_41' title='bbox 1743 989 2136 1061; x_wconf 84' lang='lat' dir='ltr'><strong>adduceret:</strong></span> <span class='ocrx_word' id='word_1_42' title='bbox 2168 993 2382 1060; x_wconf 81' lang='lat' dir='ltr'><strong>vereri</strong></span> 
     </span>
     <span class='ocr_line' id='line_1_6' title="bbox 248 1092 2381 1192; baseline 0.001 -28"><span class='ocrx_word' id='word_1_43' title='bbox 248 1120 317 1164; x_wconf 85' lang='lat' dir='ltr'><strong>se</strong></span> <span class='ocrx_word' id='word_1_44' title='bbox 336 1150 357 1183; x_wconf 91' lang='lat'><strong>,</strong></span> <span class='ocrx_word' id='word_1_45' title='bbox 389 1119 481 1163; x_wconf 91' lang='lat' dir='ltr'><strong>ne</strong></span> <span class='ocrx_word' id='word_1_46' title='bbox 526 1119 649 1188; x_wconf 88' lang='lat' dir='ltr'><strong>per</strong></span> <span class='ocrx_word' id='word_1_47' title='bbox 690 1092 953 1162; x_wconf 85' lang='lat' dir='ltr'><strong>insidias</strong></span> <span class='ocrx_word' id='word_1_48' title='bbox 995 1093 1080 1162; x_wconf 87' lang='lat' dir='ltr'><strong>ab</strong></span> <span class='ocrx_word' id='word_1_49' title='bbox 1122 1118 1202 1162; x_wconf 96' lang='lat' dir='ltr'><strong>eo</strong></span> <span class='ocrx_word' id='word_1_50' title='bbox 1243 1095 1869 1164; x_wconf 80' lang='lat' dir='ltr'><strong>circumveniretur:</strong></span> <span class='ocrx_word' id='word_1_51' title='bbox 1911 1112 2186 1192; x_wconf 89' lang='lat' dir='ltr'><strong>uterque</strong></span> <span class='ocrx_word' id='word_1_52' title='bbox 2228 1122 2381 1166; x_wconf 90' lang='lat' dir='ltr'><strong>cum</strong></span> 
     </span>
     <span class='ocr_line' id='line_1_7' title="bbox 251 1197 2379 1294; baseline 0 -24"><span class='ocrx_word' id='word_1_53' title='bbox 251 1203 555 1294; x_wconf 84' lang='lat' dir='ltr'><strong>equitatu</strong></span> <span class='ocrx_word' id='word_1_54' title='bbox 620 1201 877 1268; x_wconf 83' lang='lat' dir='ltr'><strong>veniret</strong></span> <span class='ocrx_word' id='word_1_55' title='bbox 916 1225 930 1269; x_wconf 91' lang='lat'><strong>:</strong></span> <span class='ocrx_word' id='word_1_56' title='bbox 977 1197 1103 1269; x_wconf 86' lang='lat' dir='ltr'><strong>alia</strong></span> <span class='ocrx_word' id='word_1_57' title='bbox 1171 1202 1422 1269; x_wconf 83' lang='lat' dir='ltr'><strong>ratione</strong></span> <span class='ocrx_word' id='word_1_58' title='bbox 1483 1226 1551 1269; x_wconf 91' lang='lat' dir='ltr'><strong>se</strong></span> <span class='ocrx_word' id='word_1_59' title='bbox 1612 1226 1747 1269; x_wconf 92' lang='lat' dir='ltr'><strong>non</strong></span> <span class='ocrx_word' id='word_1_60' title='bbox 1807 1227 1947 1273; x_wconf 91' lang='lat' dir='ltr'><strong>esse</strong></span> <span class='ocrx_word' id='word_1_61' title='bbox 2008 1218 2379 1277; x_wconf 84' lang='lat' dir='ltr'><strong>venturum.</strong></span> 
     </span>
     <span class='ocr_line' id='line_1_8' title="bbox 256 1304 2386 1401; baseline 0.001 -25"><span class='ocrx_word' id='word_1_62' title='bbox 256 1309 515 1395; x_wconf 80' lang='lat' dir='ltr'><strong>Caesar,</strong></span> <span class='ocrx_word' id='word_1_63' title='bbox 541 1305 724 1400; x_wconf 92' lang='lat' dir='ltr'><strong>quod</strong></span> <span class='ocrx_word' id='word_1_64' title='bbox 780 1330 993 1400; x_wconf 89' lang='lat' dir='ltr'><strong>neque</strong></span> <span class='ocrx_word' id='word_1_65' title='bbox 1051 1304 1450 1401; x_wconf 85' lang='lat' dir='ltr'><strong>colloquium</strong></span> <span class='ocrx_word' id='word_1_66' title='bbox 1510 1309 1894 1401; x_wconf 85' lang='lat' dir='ltr'><strong>interposita</strong></span> <span class='ocrx_word' id='word_1_67' title='bbox 1953 1333 2150 1378; x_wconf 76' lang='lat' dir='ltr'><strong>causa</strong></span> <span class='ocrx_word' id='word_1_68' title='bbox 2180 1307 2201 1332; x_wconf 80' lang='lat'><em>²</em></span> <span class='ocrx_word' id='word_1_69' title='bbox 2246 1308 2386 1380; x_wconf 81' lang='lat' dir='ltr'><strong>tolli</strong></span> 
     </span>
     <span class='ocr_line' id='line_1_9' title="bbox 258 1400 2383 1507; baseline 0.003 -28"><span class='ocrx_word' id='word_1_70' title='bbox 258 1412 564 1502; x_wconf 81' lang='lat' dir='ltr'><strong>volebat,</strong></span> <span class='ocrx_word' id='word_1_71' title='bbox 602 1436 817 1506; x_wconf 86' lang='lat' dir='ltr'><strong>neque</strong></span> <span class='ocrx_word' id='word_1_72' title='bbox 874 1412 1147 1482; x_wconf 87' lang='lat' dir='ltr'><strong>salutem</strong></span> <span class='ocrx_word' id='word_1_73' title='bbox 1200 1437 1386 1483; x_wconf 89' lang='lat' dir='ltr'><strong>suam</strong></span> <span class='ocrx_word' id='word_1_74' title='bbox 1438 1411 1783 1482; x_wconf 78' lang='lat' dir='ltr'><strong>Gallorum</strong></span> <span class='ocrx_word' id='word_1_75' title='bbox 1833 1400 2166 1507; x_wconf 82' lang='lat' dir='ltr'><strong>equitatu³</strong></span> <span class='ocrx_word' id='word_1_76' title='bbox 2204 1441 2383 1485; x_wconf 91' lang='lat' dir='ltr'><strong>com·</strong></span> 
     </span>
     <span class='ocr_line' id='line_1_10' title="bbox 266 1518 2384 1609; baseline 0.002 -22"><span class='ocrx_word' id='word_1_77' title='bbox 266 1521 525 1589; x_wconf 87' lang='lat' dir='ltr'><strong>mittere</strong></span> <span class='ocrx_word' id='word_1_78' title='bbox 580 1518 903 1608; x_wconf 83' lang='lat' dir='ltr'><strong>audebat,</strong></span> <span class='ocrx_word' id='word_1_79' title='bbox 930 1519 1530 1588; x_wconf 90' lang='lat' dir='ltr'><strong>commodissimum</strong></span> <span class='ocrx_word' id='word_1_80' title='bbox 1588 1544 1729 1588; x_wconf 85' lang='lat' dir='ltr'><strong>esse</strong></span> <span class='ocrx_word' id='word_1_81' title='bbox 1788 1523 2048 1609; x_wconf 86' lang='lat' dir='ltr'><strong>statuit,</strong></span> <span class='ocrx_word' id='word_1_82' title='bbox 2080 1522 2384 1591; x_wconf 88' lang='lat' dir='ltr'><strong>omnibus</strong></span> 
     </span>
     <span class='ocr_line' id='line_1_11' title="bbox 264 1612 2386 1720; baseline 0.001 -26"><span class='ocrx_word' id='word_1_83' title='bbox 264 1627 446 1720; x_wconf 90' lang='lat' dir='ltr'><strong>equis</strong></span> <span class='ocrx_word' id='word_1_84' title='bbox 499 1625 709 1696; x_wconf 85' lang='lat' dir='ltr'><strong>Gallis</strong></span> <span class='ocrx_word' id='word_1_85' title='bbox 768 1625 1092 1720; x_wconf 87' lang='lat' dir='ltr'><strong>equitibus</strong></span> <span class='ocrx_word' id='word_1_86' title='bbox 1145 1625 1453 1694; x_wconf 86' lang='lat' dir='ltr'><strong>detractis</strong></span> <span class='ocrx_word' id='word_1_87' title='bbox 1474 1680 1493 1713; x_wconf 89' lang='lat'><strong>,</strong></span> <span class='ocrx_word' id='word_1_88' title='bbox 1534 1612 1655 1693; x_wconf 81' lang='lat' dir='ltr'><strong>eo⁴</strong></span> <span class='ocrx_word' id='word_1_89' title='bbox 1702 1624 2090 1719; x_wconf 80' lang='lat' dir='ltr'><strong>legionarios</strong></span> <span class='ocrx_word' id='word_1_90' title='bbox 2151 1625 2386 1697; x_wconf 84' lang='lat' dir='ltr'><strong>milites</strong></span> 
     </span>
     <span class='ocr_line' id='line_1_12' title="bbox 266 1729 2387 1826; baseline 0.001 -27"><span class='ocrx_word' id='word_1_91' title='bbox 266 1729 540 1825; x_wconf 83' lang='lat' dir='ltr'><strong>legionis</strong></span> <span class='ocrx_word' id='word_1_92' title='bbox 566 1732 836 1802; x_wconf 76' lang='lat' dir='ltr'><strong>decimae</strong></span> <span class='ocrx_word' id='word_1_93' title='bbox 856 1785 876 1819; x_wconf 89' lang='lat'><strong>,</strong></span> <span class='ocrx_word' id='word_1_94' title='bbox 906 1734 1011 1800; x_wconf 87' lang='lat' dir='ltr'><strong>cui</strong></span> <span class='ocrx_word' id='word_1_95' title='bbox 1042 1755 1240 1826; x_wconf 85' lang='lat' dir='ltr'><strong>quam</strong></span> <span class='ocrx_word' id='word_1_96' title='bbox 1268 1734 1547 1800; x_wconf 68' lang='lat' dir='ltr'><strong>maxime</strong></span> <span class='ocrx_word' id='word_1_97' title='bbox 1576 1731 1948 1803; x_wconf 84' lang='lat' dir='ltr'><strong>confidebat</strong></span> <span class='ocrx_word' id='word_1_98' title='bbox 1965 1784 1985 1821; x_wconf 90' lang='lat'><strong>,</strong></span> <span class='ocrx_word' id='word_1_99' title='bbox 2012 1734 2387 1826; x_wconf 87' lang='lat' dir='ltr'><strong>imponere,</strong></span> 
     </span>
     <span class='ocr_line' id='line_1_13' title="bbox 272 1837 2389 1932; baseline 0.001 -27"><span class='ocrx_word' id='word_1_100' title='bbox 272 1837 757 1930; x_wconf 83' lang='lat' dir='ltr'><strong>ut·praesidium</strong></span> <span class='ocrx_word' id='word_1_101' title='bbox 799 1862 998 1931; x_wconf 86' lang='lat' dir='ltr'><strong>quam</strong></span> <span class='ocrx_word' id='word_1_102' title='bbox 1041 1839 1503 1908; x_wconf 84' lang='lat' dir='ltr'><strong>amicissimum</strong></span> <span class='ocrx_word' id='word_1_103' title='bbox 1524 1891 1545 1925; x_wconf 93' lang='lat'><strong>,</strong></span> <span class='ocrx_word' id='word_1_104' title='bbox 1575 1839 1628 1906; x_wconf 89' lang='lat' dir='ltr'><strong>si</strong></span> <span class='ocrx_word' id='word_1_105' title='bbox 1671 1838 1828 1932; x_wconf 88' lang='lat' dir='ltr'><strong>quid</strong></span> <span class='ocrx_word' id='word_1_106' title='bbox 1870 1862 2037 1932; x_wconf 86' lang='lat' dir='ltr'><strong>opus</strong></span> <span class='ocrx_word' id='word_1_107' title='bbox 2080 1837 2255 1907; x_wconf 84' lang='lat' dir='ltr'><strong>facto</strong></span> <span class='ocrx_word' id='word_1_108' title='bbox 2297 1863 2389 1908; x_wconf 81' lang='lat' dir='ltr'><strong>es·</strong></span> 
     </span>
     <span class='ocr_line' id='line_1_14' title="bbox 275 1928 2388 2038; baseline 0 -26"><span class='ocrx_word' id='word_1_109' title='bbox 275 1957 384 2012; x_wconf 82' lang='lat' dir='ltr'><strong>set</strong></span> <span class='ocrx_word' id='word_1_110' title='bbox 403 1996 423 2030; x_wconf 91' lang='lat'><strong>,</strong></span> <span class='ocrx_word' id='word_1_111' title='bbox 454 1943 730 2013; x_wconf 86' lang='lat' dir='ltr'><strong>haberet.</strong></span> <span class='ocrx_word' id='word_1_112' title='bbox 778 1943 980 2033; x_wconf 90' lang='lat' dir='ltr'><strong>Quod</strong></span> <span class='ocrx_word' id='word_1_113' title='bbox 1033 1969 1239 2038; x_wconf 90' lang='lat' dir='ltr'><strong>quum</strong></span> <span class='ocrx_word' id='word_1_114' title='bbox 1288 1944 1512 2031; x_wconf 88' lang='lat' dir='ltr'><strong>fieret,</strong></span> <span class='ocrx_word' id='word_1_115' title='bbox 1546 1969 1684 2012; x_wconf 90' lang='lat' dir='ltr'><strong>non</strong></span> <span class='ocrx_word' id='word_1_116' title='bbox 1723 1941 2054 2015; x_wconf 88' lang='lat' dir='ltr'><strong>irridicule</strong></span> <span class='ocrx_word' id='word_1_117' title='bbox 2072 1928 2094 1966; x_wconf 82' lang='lat'><strong>⁵</strong></span> <span class='ocrx_word' id='word_1_118' title='bbox 2123 1943 2388 2037; x_wconf 86' lang='lat' dir='ltr'><strong>quidam</strong></span> 
     </span>
     <span class='ocr_line' id='line_1_15' title="bbox 250 2046 2392 2145; baseline 0.002 -29"><span class='ocrx_word' id='word_1_119' title='bbox 250 2073 365 2117; x_wconf 76' lang='lat' dir='ltr'><strong>ex</strong></span> <span class='ocrx_word' id='word_1_120' title='bbox 390 2048 687 2119; x_wconf 86' lang='lat' dir='ltr'><strong>militibus</strong></span> <span class='ocrx_word' id='word_1_121' title='bbox 724 2050 995 2119; x_wconf 65' lang='lat' dir='ltr'><strong>decimae</strong></span> <span class='ocrx_word' id='word_1_122' title='bbox 1027 2046 1297 2144; x_wconf 86' lang='lat' dir='ltr'><strong>legionis</strong></span> <span class='ocrx_word' id='word_1_123' title='bbox 1328 2050 1529 2119; x_wconf 81' lang='lat' dir='ltr'><strong>dixit:</strong></span> <span class='ocrx_word' id='word_1_124' title='bbox 1570 2079 1603 2115; x_wconf 76' lang='grc' dir='ltr'><strong>(ι</strong></span> <span class='ocrx_word' id='word_1_125' title='bbox 1639 2049 1818 2145; x_wconf 85' lang='lat' dir='ltr'><strong>plus,</strong></span> <span class='ocrx_word' id='word_1_126' title='bbox 1837 2074 2035 2143; x_wconf 87' lang='lat' dir='ltr'><strong>quam</strong></span> <span class='ocrx_word' id='word_1_127' title='bbox 2065 2049 2392 2143; x_wconf 83' lang='lat' dir='ltr'><strong>pollicitus</strong></span> 
     </span>
     <span class='ocr_line' id='line_1_16' title="bbox 278 2154 2390 2250; baseline 0 -27"><span class='ocrx_word' id='word_1_128' title='bbox 278 2170 484 2245; x_wconf 90' lang='lat' dir='ltr'><strong>esset,</strong></span> <span class='ocrx_word' id='word_1_129' title='bbox 510 2158 834 2226; x_wconf 83' lang='lat' dir='ltr'><strong>Caesarem</strong></span> <span class='ocrx_word' id='word_1_130' title='bbox 858 2157 917 2225; x_wconf 88' lang='lat' dir='ltr'><strong>ei</strong></span> <span class='ocrx_word' id='word_1_131' title='bbox 938 2156 1195 2244; x_wconf 82' lang='lat' dir='ltr'><strong>facere3</strong></span> <span class='ocrx_word' id='word_1_132' title='bbox 1223 2154 1587 2250; x_wconf 87' lang='lat' dir='ltr'><strong>pollicitum</strong></span> <span class='ocrx_word' id='word_1_133' title='bbox 1603 2208 1623 2244; x_wconf 93' lang='lat'><strong>,</strong></span> <span class='ocrx_word' id='word_1_134' title='bbox 1645 2180 1713 2224; x_wconf 91' lang='lat' dir='ltr'><strong>se</strong></span> <span class='ocrx_word' id='word_1_135' title='bbox 1741 2158 1811 2223; x_wconf 89' lang='lat' dir='ltr'><strong>in</strong></span> <span class='ocrx_word' id='word_1_136' title='bbox 1835 2155 2126 2227; x_wconf 82' lang='lat' dir='ltr'><strong>cohortis</strong></span> <span class='ocrx_word' id='word_1_137' title='bbox 2154 2171 2390 2249; x_wconf 83' lang='lat' dir='ltr'><strong>praeto·</strong></span> 
     </span>
     <span class='ocr_line' id='line_1_17' title="bbox 277 2259 2391 2359; baseline 0 -31"><span class='ocrx_word' id='word_1_138' title='bbox 277 2262 390 2329; x_wconf 81' lang='lat' dir='ltr'><strong>riae</strong></span> <span class='ocrx_word' id='word_1_139' title='bbox 427 2259 573 2331; x_wconf 90' lang='lat' dir='ltr'><strong>loco</strong></span> <span class='ocrx_word' id='word_1_140' title='bbox 613 2262 935 2332; x_wconf 83' lang='lat' dir='ltr'><strong>decimam</strong></span> <span class='ocrx_word' id='word_1_141' title='bbox 979 2261 1301 2359; x_wconf 83' lang='lat' dir='ltr'><strong>legionem</strong></span> <span class='ocrx_word' id='word_1_142' title='bbox 1342 2260 1763 2349; x_wconf 82' lang='lat' dir='ltr'><strong>habiturum3</strong></span> <span class='ocrx_word' id='word_1_143' title='bbox 1803 2285 1980 2331; x_wconf 87' lang='lat' dir='ltr'><strong>nunc</strong></span> <span class='ocrx_word' id='word_1_144' title='bbox 2023 2261 2106 2329; x_wconf 86' lang='lat' dir='ltr'><strong>ad</strong></span> <span class='ocrx_word' id='word_1_145' title='bbox 2149 2285 2391 2354; x_wconf 90' lang='lat' dir='ltr'><strong>equum</strong></span> 
     </span>
     <span class='ocr_line' id='line_1_18' title="bbox 268 2354 771 2437; baseline 0.002 -1"><span class='ocrx_word' id='word_1_146' title='bbox 268 2368 625 2437; x_wconf 84' lang='lat' dir='ltr'><strong>rescribere</strong></span> <span class='ocrx_word' id='word_1_147' title='bbox 651 2354 696 2436; x_wconf 81' lang='lat'><strong>⁶.</strong></span> <span class='ocrx_word' id='word_1_148' title='bbox 735 2387 771 2421; x_wconf 73' lang='lat'><strong>&gt;²</strong></span> 
     </span>
    </p>

    <p class='ocr_par' dir='ltr' id='par_1_3' title="bbox 274 2470 2401 2991">
     <span class='ocr_line' id='line_1_19' title="bbox 372 2470 2392 2568; baseline -0.001 -25"><span class='ocrx_word' id='word_1_149' title='bbox 372 2476 626 2543; x_wconf 82' lang='lat' dir='ltr'><strong>XLIII.</strong></span> <span class='ocrx_word' id='word_1_150' title='bbox 670 2473 978 2544; x_wconf 84' lang='lat' dir='ltr'><strong>Planities</strong></span> <span class='ocrx_word' id='word_1_151' title='bbox 1027 2488 1169 2542; x_wconf 84' lang='lat' dir='ltr'><strong>erat</strong></span> <span class='ocrx_word' id='word_1_152' title='bbox 1206 2498 1479 2568; x_wconf 81' lang='lat' dir='ltr'><strong>magna,</strong></span> <span class='ocrx_word' id='word_1_153' title='bbox 1521 2489 1589 2543; x_wconf 91' lang='lat' dir='ltr'><strong>et</strong></span> <span class='ocrx_word' id='word_1_154' title='bbox 1629 2475 1698 2541; x_wconf 92' lang='lat' dir='ltr'><strong>in</strong></span> <span class='ocrx_word' id='word_1_155' title='bbox 1740 2498 1816 2542; x_wconf 87' lang='lat' dir='ltr'><strong>ea</strong></span> <span class='ocrx_word' id='word_1_156' title='bbox 1859 2470 2149 2543; x_wconf 88' lang='lat' dir='ltr'><strong>tumulus</strong></span> <span class='ocrx_word' id='word_1_157' title='bbox 2194 2487 2392 2540; x_wconf 89' lang='lat' dir='ltr'><strong>terre·</strong></span> 
     </span>
     <span class='ocr_line' id='line_1_20' title="bbox 274 2579 2397 2676; baseline 0 -28"><span class='ocrx_word' id='word_1_158' title='bbox 274 2605 396 2649; x_wconf 90' lang='lat' dir='ltr'><strong>nus</strong></span> <span class='ocrx_word' id='word_1_159' title='bbox 417 2579 435 2604; x_wconf 87' lang='lat'>¹</span> <span class='ocrx_word' id='word_1_160' title='bbox 466 2583 625 2651; x_wconf 83' lang='lat' dir='ltr'><strong>satis</strong></span> <span class='ocrx_word' id='word_1_161' title='bbox 663 2581 946 2676; x_wconf 82' lang='lat' dir='ltr'><strong>grandis.</strong></span> <span class='ocrx_word' id='word_1_162' title='bbox 991 2584 1116 2650; x_wconf 89' lang='lat' dir='ltr'><strong>Hic</strong></span> <span class='ocrx_word' id='word_1_163' title='bbox 1162 2581 1344 2651; x_wconf 87' lang='lat' dir='ltr'><strong>locus</strong></span> <span class='ocrx_word' id='word_1_164' title='bbox 1385 2606 1573 2674; x_wconf 80' lang='lat' dir='ltr'><strong>aequo</strong></span> <span class='ocrx_word' id='word_1_165' title='bbox 1616 2580 1753 2652; x_wconf 87' lang='lat' dir='ltr'><strong>sere</strong></span> <span class='ocrx_word' id='word_1_166' title='bbox 1796 2582 2006 2675; x_wconf 84' lang='lat' dir='ltr'><strong>spatio</strong></span> <span class='ocrx_word' id='word_1_167' title='bbox 2049 2579 2136 2650; x_wconf 83' lang='lat' dir='ltr'><strong>ab</strong></span> <span class='ocrx_word' id='word_1_168' title='bbox 2169 2581 2397 2648; x_wconf 87' lang='lat' dir='ltr'><strong>castris</strong></span> 
     </span>
     <span class='ocr_line' id='line_1_21' title="bbox 275 2685 2394 2782; baseline -0.001 -27"><span class='ocrx_word' id='word_1_169' title='bbox 275 2686 610 2782; x_wconf 81' lang='lat' dir='ltr'><strong>utrisque²</strong></span> <span class='ocrx_word' id='word_1_170' title='bbox 641 2688 886 2757; x_wconf 85' lang='lat' dir='ltr'><strong>aberat.</strong></span> <span class='ocrx_word' id='word_1_171' title='bbox 930 2689 1032 2756; x_wconf 92' lang='lat' dir='ltr'><strong>Eo</strong></span> <span class='ocrx_word' id='word_1_172' title='bbox 1053 2741 1072 2775; x_wconf 90' lang='lat'><strong>,</strong></span> <span class='ocrx_word' id='word_1_173' title='bbox 1101 2701 1179 2756; x_wconf 92' lang='lat' dir='ltr'><strong>ut</strong></span> <span class='ocrx_word' id='word_1_174' title='bbox 1219 2700 1360 2756; x_wconf 85' lang='lat' dir='ltr'><strong>erat</strong></span> <span class='ocrx_word' id='word_1_175' title='bbox 1401 2686 1692 2775; x_wconf 89' lang='lat' dir='ltr'><strong>dictum,</strong></span> <span class='ocrx_word' id='word_1_176' title='bbox 1721 2686 1805 2756; x_wconf 87' lang='lat' dir='ltr'><strong>ad</strong></span> <span class='ocrx_word' id='word_1_177' title='bbox 1845 2685 2244 2781; x_wconf 90' lang='lat' dir='ltr'><strong>colloquium</strong></span> <span class='ocrx_word' id='word_1_178' title='bbox 2286 2709 2394 2753; x_wconf 87' lang='lat' dir='ltr'><strong>ve·</strong></span> 
     </span>
     <span class='ocr_line' id='line_1_22' title="bbox 276 2792 2399 2887; baseline 0.001 -28"><span class='ocrx_word' id='word_1_179' title='bbox 276 2808 534 2862; x_wconf 91' lang='lat' dir='ltr'><strong>nerunt.</strong></span> <span class='ocrx_word' id='word_1_180' title='bbox 565 2796 926 2887; x_wconf 82' lang='lat' dir='ltr'><strong>Legionem</strong></span> <span class='ocrx_word' id='word_1_181' title='bbox 955 2796 1200 2881; x_wconf 83' lang='lat' dir='ltr'><strong>Caesar,</strong></span> <span class='ocrx_word' id='word_1_182' title='bbox 1234 2817 1432 2887; x_wconf 87' lang='lat' dir='ltr'><strong>quam</strong></span> <span class='ocrx_word' id='word_1_183' title='bbox 1472 2794 1657 2886; x_wconf 82' lang='lat' dir='ltr'><strong>equis</strong></span> <span class='ocrx_word' id='word_1_184' title='bbox 1688 2792 2040 2862; x_wconf 81' lang='lat' dir='ltr'><strong>devexerat</strong></span> <span class='ocrx_word' id='word_1_185' title='bbox 2058 2846 2077 2880; x_wconf 90' lang='lat'><strong>,</strong></span> <span class='ocrx_word' id='word_1_186' title='bbox 2101 2792 2399 2887; x_wconf 83' lang='lat' dir='ltr'><strong>passibus</strong></span> 
     </span>
     <span class='ocr_line' id='line_1_23' title="bbox 278 2897 2401 2991; baseline -0.001 -24"><span class='ocrx_word' id='word_1_187' title='bbox 278 2898 576 2969; x_wconf 89' lang='lat' dir='ltr'><strong>ducentis</strong></span> <span class='ocrx_word' id='word_1_188' title='bbox 619 2900 704 2968; x_wconf 82' lang='lat' dir='ltr'><strong>ab</strong></span> <span class='ocrx_word' id='word_1_189' title='bbox 752 2925 833 2968; x_wconf 91' lang='lat' dir='ltr'><strong>eo</strong></span> <span class='ocrx_word' id='word_1_190' title='bbox 888 2897 1142 2969; x_wconf 89' lang='lat' dir='ltr'><strong>tumulo</strong></span> <span class='ocrx_word' id='word_1_191' title='bbox 1186 2899 1542 2970; x_wconf 83' lang='lat' dir='ltr'><strong>constituit.</strong></span> <span class='ocrx_word' id='word_1_192' title='bbox 1588 2901 1759 2969; x_wconf 88' lang='lat' dir='ltr'><strong>Item</strong></span> <span class='ocrx_word' id='word_1_193' title='bbox 1801 2900 2050 2991; x_wconf 88' lang='lat' dir='ltr'><strong>equites</strong></span> <span class='ocrx_word' id='word_1_194' title='bbox 2091 2897 2401 2965; x_wconf 86' lang='lat' dir='ltr'><strong>Ariovisti</strong></span> 
     </span>
    </p>
   </div>
   <div class='ocr_carea' id='block_1_3' title="bbox 357 3069 2402 3154">
    <p class='ocr_par' dir='ltr' id='par_1_4' title="bbox 357 3069 2402 3154">
     <span class='ocr_line' id='line_1_24' title="bbox 357 3069 2402 3154; baseline -0.007 -18"><span class='ocrx_word' id='word_1_195' title='bbox 357 3103 408 3137; x_wconf 67' lang='grc' dir='ltr'><strong>ι.</strong></span> <span class='ocrx_word' id='word_1_196' title='bbox 442 3084 734 3154; x_wconf 67' lang='lat' dir='ltr'><strong>Inteqaeosita</strong></span> <span class='ocrx_word' id='word_1_197' title='bbox 753 3100 913 3134; x_wconf 75' lang='lat' dir='ltr'><strong>causa.</strong></span> <span class='ocrx_word' id='word_1_198' title='bbox 931 3080 1207 3132; x_wconf 64' lang='lat' dir='ltr'><strong>Protextu.</strong></span> <span class='ocrx_word' id='word_1_199' title='bbox 1383 3074 1557 3130; x_wconf 84' lang='lat' dir='ltr'><strong>ditum</strong></span> <span class='ocrx_word' id='word_1_200' title='bbox 1574 3074 1807 3144; x_wconf 73' lang='lat' dir='ltr'><strong>catalogo</strong></span> <span class='ocrx_word' id='word_1_201' title='bbox 1825 3073 2077 3144; x_wconf 69' lang='lat' dir='ltr'><strong>scriptum</strong></span> <span class='ocrx_word' id='word_1_202' title='bbox 2098 3083 2235 3136; x_wconf 73' lang='lat' dir='ltr'><strong>erat,</strong></span> <span class='ocrx_word' id='word_1_203' title='bbox 2252 3069 2402 3123; x_wconf 87' lang='lat' dir='ltr'><strong>dein·</strong></span> 
     </span>
    </p>
   </div>
   <div class='ocr_carea' id='block_1_4' title="bbox 356 3149 2403 3234">
    <p class='ocr_par' dir='ltr' id='par_1_5' title="bbox 356 3149 2403 3234">
     <span class='ocr_line' id='line_1_25' title="bbox 356 3149 2403 3234; baseline -0.007 -18"><span class='ocrx_word' id='word_1_204' title='bbox 356 3164 409 3216; x_wconf 83' lang='lat'><strong>3.</strong></span> <span class='ocrx_word' id='word_1_205' title='bbox 442 3162 827 3234; x_wconf 69' lang='lat' dir='ltr'><strong>Neque-salutem</strong></span> <span class='ocrx_word' id='word_1_206' title='bbox 853 3179 986 3212; x_wconf 72' lang='lat' dir='ltr'><strong>suam</strong></span> <span class='ocrx_word' id='word_1_207' title='bbox 1009 3157 1147 3212; x_wconf 83' lang='lat' dir='ltr'><strong>Gall.</strong></span> <span class='ocrx_word' id='word_1_208' title='bbox 1173 3161 1302 3228; x_wconf 79' lang='lat' dir='ltr'><strong>eqm‘-</strong></span> <span class='ocrx_word' id='word_1_209' title='bbox 1385 3154 1453 3207; x_wconf 63' lang='grc' dir='ltr'><strong>ἀι</strong></span> <span class='ocrx_word' id='word_1_210' title='bbox 1480 3155 1538 3206; x_wconf 88' lang='lat' dir='ltr'><strong>in</strong></span> <span class='ocrx_word' id='word_1_211' title='bbox 1574 3153 1812 3225; x_wconf 67' lang='lat' dir='ltr'><strong>equitnm</strong></span> <span class='ocrx_word' id='word_1_212' title='bbox 1838 3152 2134 3222; x_wconf 68' lang='lat' dir='ltr'><strong>catalogum</strong></span> <span class='ocrx_word' id='word_1_213' title='bbox 2156 3149 2403 3203; x_wconf 65' lang='lat' dir='ltr'><strong>transfer·</strong></span> 
     </span>
    </p>
   </div>
   <div class='ocr_carea' id='block_1_5' title="bbox 284 3236 1315 4345">
    <p class='ocr_par' dir='ltr' id='par_1_6' title="bbox 284 3236 1307 3632">
     <span class='ocr_line' id='line_1_26' title="bbox 285 3236 1301 3312; baseline -0.009 -16"><span class='ocrx_word' id='word_1_214' title='bbox 285 3254 399 3296; x_wconf 69' lang='lat' dir='ltr'><strong>tam.</strong></span> <span class='ocrx_word' id='word_1_215' title='bbox 424 3243 574 3294; x_wconf 83' lang='lat' dir='ltr'><strong>Bene</strong></span> <span class='ocrx_word' id='word_1_216' title='bbox 609 3253 663 3294; x_wconf 85' lang='lat' dir='ltr'><strong>et</strong></span> <span class='ocrx_word' id='word_1_217' title='bbox 691 3239 980 3312; x_wconf 84' lang='lat' dir='ltr'><strong>prudenter</strong></span> <span class='ocrx_word' id='word_1_218' title='bbox 1006 3256 1020 3291; x_wconf 72' lang='grc' dir='ltr'>ι</span> <span class='ocrx_word' id='word_1_219' title='bbox 1046 3255 1169 3289; x_wconf 76' lang='lat' dir='ltr'><strong>nam</strong></span> <span class='ocrx_word' id='word_1_220' title='bbox 1190 3236 1301 3309; x_wconf 84' lang='lat' dir='ltr'><strong>pri-</strong></span> 
     </span>
     <span class='ocr_line' id='line_1_27' title="bbox 284 3313 1302 3387; baseline -0.006 -14"><span class='ocrx_word' id='word_1_221' title='bbox 284 3319 399 3373; x_wconf 81' lang='lat' dir='ltr'><strong>dem</strong></span> <span class='ocrx_word' id='word_1_222' title='bbox 430 3323 489 3373; x_wconf 86' lang='lat' dir='ltr'><strong>in</strong></span> <span class='ocrx_word' id='word_1_223' title='bbox 514 3320 789 3374; x_wconf 77' lang='lat' dir='ltr'><strong>Helvetico</strong></span> <span class='ocrx_word' id='word_1_224' title='bbox 811 3319 950 3372; x_wconf 86' lang='lat' dir='ltr'><strong>bello</strong></span> <span class='ocrx_word' id='word_1_225' title='bbox 964 3313 1093 3380; x_wconf 79' lang='lat' dir='ltr'><strong>(vid.</strong></span> <span class='ocrx_word' id='word_1_226' title='bbox 1116 3334 1302 3387; x_wconf 79' lang='lat' dir='ltr'><strong>supra,</strong></span> 
     </span>
     <span class='ocr_line' id='line_1_28' title="bbox 284 3394 1306 3470; baseline -0.006 -17"><span class='ocrx_word' id='word_1_227' title='bbox 284 3419 327 3453; x_wconf 86' lang='lat' dir='ltr'><strong>c.</strong></span> <span class='ocrx_word' id='word_1_228' title='bbox 376 3398 483 3465; x_wconf 79' lang='lat'><strong>15)</strong></span> <span class='ocrx_word' id='word_1_229' title='bbox 514 3411 735 3452; x_wconf 79' lang='lat' dir='ltr'><strong>noverat</strong></span> <span class='ocrx_word' id='word_1_230' title='bbox 763 3396 895 3470; x_wconf 81' lang='lat' dir='ltr'><strong>quid</strong></span> <span class='ocrx_word' id='word_1_231' title='bbox 933 3417 963 3450; x_wconf 81' lang='lat' dir='ltr'><strong>a</strong></span> <span class='ocrx_word' id='word_1_232' title='bbox 1002 3394 1306 3469; x_wconf 81' lang='lat' dir='ltr'><strong>proditione</strong></span> 
     </span>
     <span class='ocr_line' id='line_1_29' title="bbox 288 3477 1307 3549; baseline -0.007 -16"><span class='ocrx_word' id='word_1_233' title='bbox 288 3478 582 3532; x_wconf 81' lang='lat' dir='ltr'><strong>timendum</strong></span> <span class='ocrx_word' id='word_1_234' title='bbox 632 3491 781 3531; x_wconf 74' lang='lat' dir='ltr'><strong>esset.</strong></span> <span class='ocrx_word' id='word_1_235' title='bbox 816 3509 905 3538; x_wconf 26' lang='lat'><strong>1-—</strong></span> <span class='ocrx_word' id='word_1_236' title='bbox 941 3477 1180 3549; x_wconf 72' lang='lat' dir='ltr'><strong>Equitum</strong></span> <span class='ocrx_word' id='word_1_237' title='bbox 1215 3494 1307 3546; x_wconf 79' lang='lat' dir='ltr'><strong>pro</strong></span> 
     </span>
     <span class='ocr_line' id='line_1_30' title="bbox 286 3556 990 3632; baseline -0.006 -20"><span class='ocrx_word' id='word_1_238' title='bbox 286 3564 542 3632; x_wconf 72' lang='lat' dir='ltr'><strong>equitatui,</strong></span> <span class='ocrx_word' id='word_1_239' title='bbox 568 3560 627 3610; x_wconf 80' lang='lat' dir='ltr'><strong>in</strong></span> <span class='ocrx_word' id='word_1_240' title='bbox 658 3556 821 3611; x_wconf 79' lang='lat' dir='ltr'><strong>dandi</strong></span> <span class='ocrx_word' id='word_1_241' title='bbox 850 3575 990 3609; x_wconf 76' lang='lat' dir='ltr'><strong>casu.</strong></span> 
     </span>
    </p>

    <p class='ocr_par' dir='ltr' id='par_1_7' title="bbox 288 3633 1309 3771">
     <span class='ocr_line' id='line_1_31' title="bbox 365 3633 1309 3709; baseline -0.007 -18"><span class='ocrx_word' id='word_1_242' title='bbox 365 3647 418 3703; x_wconf 72' lang='grc'><strong>4.</strong></span> <span class='ocrx_word' id='word_1_243' title='bbox 449 3639 538 3691; x_wconf 83' lang='lat' dir='ltr'><strong>Eo</strong></span> <span class='ocrx_word' id='word_1_244' title='bbox 588 3638 804 3709; x_wconf 82' lang='lat' dir='ltr'><strong>Vulgat.</strong></span> <span class='ocrx_word' id='word_1_245' title='bbox 836 3633 972 3688; x_wconf 84' lang='lat' dir='ltr'><strong>Edd.</strong></span> <span class='ocrx_word' id='word_1_246' title='bbox 998 3639 1111 3697; x_wconf 58' lang='lat' dir='ltr'><strong>eis„</strong></span> <span class='ocrx_word' id='word_1_247' title='bbox 1144 3634 1227 3686; x_wconf 85' lang='lat' dir='ltr'><strong>vel</strong></span> <span class='ocrx_word' id='word_1_248' title='bbox 1259 3636 1309 3684; x_wconf 80' lang='lat' dir='ltr'><strong>in</strong></span> 
     </span>
     <span class='ocr_line' id='line_1_32' title="bbox 288 3714 1003 3771; baseline -0.01 1"><span class='ocrx_word' id='word_1_249' title='bbox 288 3737 377 3771; x_wconf 70' lang='lat' dir='ltr'><strong>m.</strong></span> <span class='ocrx_word' id='word_1_250' title='bbox 410 3718 518 3771; x_wconf 73' lang='grc' dir='ltr'><strong>Οι.</strong></span> <span class='ocrx_word' id='word_1_251' title='bbox 543 3715 717 3771; x_wconf 86' lang='lat' dir='ltr'><strong>Codd.</strong></span> <span class='ocrx_word' id='word_1_252' title='bbox 744 3714 911 3768; x_wconf 77' lang='lat' dir='ltr'><strong>nostri</strong></span> <span class='ocrx_word' id='word_1_253' title='bbox 932 3735 1003 3765; x_wconf 88' lang='lat' dir='ltr'><strong>eo.</strong></span> 
     </span>
    </p>

    <p class='ocr_par' dir='ltr' id='par_1_8' title="bbox 291 3791 1313 4028">
     <span class='ocr_line' id='line_1_33' title="bbox 376 3791 1309 3852; baseline -0.008 -1"><span class='ocrx_word' id='word_1_254' title='bbox 376 3799 429 3851; x_wconf 81' lang='lat'><strong>5.</strong></span> <span class='ocrx_word' id='word_1_255' title='bbox 468 3797 588 3851; x_wconf 82' lang='lat' dir='ltr'><strong>Non</strong></span> <span class='ocrx_word' id='word_1_256' title='bbox 632 3795 892 3848; x_wconf 57' lang='lat' dir='ltr'><strong>inv-suante.</strong></span> <span class='ocrx_word' id='word_1_257' title='bbox 933 3793 1101 3846; x_wconf 63' lang='lat' dir='ltr'><strong>Grac.</strong></span> <span class='ocrx_word' id='word_1_258' title='bbox 1147 3791 1309 3852; x_wconf 79' lang='grc' dir='ltr'><strong>ἀςιῖόν</strong></span> 
     </span>
     <span class='ocr_line' id='line_1_34' title="bbox 291 3868 1313 3943; baseline -0.005 -15"><span class='ocrx_word' id='word_1_259' title='bbox 291 3897 369 3943; x_wconf 74' lang='grc' dir='ltr'><strong>τι,</strong></span> <span class='ocrx_word' id='word_1_260' title='bbox 400 3878 601 3941; x_wconf 76' lang='lat' dir='ltr'><strong>facete,</strong></span> <span class='ocrx_word' id='word_1_261' title='bbox 620 3888 675 3929; x_wconf 88' lang='lat' dir='ltr'><strong>et</strong></span> <span class='ocrx_word' id='word_1_262' title='bbox 703 3873 864 3927; x_wconf 89' lang='lat' dir='ltr'><strong>modo</strong></span> <span class='ocrx_word' id='word_1_263' title='bbox 894 3871 963 3925; x_wconf 79' lang='lat' dir='ltr'><strong>ad</strong></span> <span class='ocrx_word' id='word_1_264' title='bbox 991 3868 1313 3925; x_wconf 80' lang='lat' dir='ltr'><strong>movendum</strong></span> 
     </span>
     <span class='ocr_line' id='line_1_35' title="bbox 291 3955 627 4028; baseline -0.006 -18"><span class='ocrx_word' id='word_1_265' title='bbox 291 3955 455 4010; x_wconf 74' lang='lat' dir='ltr'><strong>risum</strong></span> <span class='ocrx_word' id='word_1_266' title='bbox 485 3968 627 4028; x_wconf 79' lang='lat' dir='ltr'><strong>apto.</strong></span> 
     </span>
    </p>

    <p class='ocr_par' dir='ltr' id='par_1_9' title="bbox 293 4027 1315 4345">
     <span class='ocr_line' id='line_1_36' title="bbox 370 4027 1315 4105; baseline -0.006 -16"><span class='ocrx_word' id='word_1_267' title='bbox 370 4040 428 4089; x_wconf 88' lang='grc'><strong>6.</strong></span> <span class='ocrx_word' id='word_1_268' title='bbox 460 4035 607 4088; x_wconf 69' lang='lat' dir='ltr'><strong>Nm</strong></span> <span class='ocrx_word' id='word_1_269' title='bbox 637 4034 708 4085; x_wconf 75' lang='lat' dir='ltr'><strong>ad</strong></span> <span class='ocrx_word' id='word_1_270' title='bbox 747 4052 913 4105; x_wconf 79' lang='lat' dir='ltr'><strong>equum</strong></span> <span class='ocrx_word' id='word_1_271' title='bbox 956 4030 1218 4084; x_wconf 74' lang='lat' dir='ltr'><strong>rescribere.</strong></span> <span class='ocrx_word' id='word_1_272' title='bbox 1250 4027 1315 4084; x_wconf 89' lang='lat' dir='ltr'><strong>Id</strong></span> 
     </span>
     <span class='ocr_line' id='line_1_37' title="bbox 293 4108 1313 4186; baseline -0.007 -19"><span class='ocrx_word' id='word_1_273' title='bbox 293 4127 402 4180; x_wconf 71' lang='lat' dir='ltr'><strong>est,</strong></span> <span class='ocrx_word' id='word_1_274' title='bbox 429 4114 695 4186; x_wconf 73' lang='lat' dir='ltr'><strong>legionem</strong></span> <span class='ocrx_word' id='word_1_275' title='bbox 732 4132 852 4184; x_wconf 66' lang='lat' dir='ltr'><strong>quo</strong></span> <span class='ocrx_word' id='word_1_276' title='bbox 889 4108 1132 4184; x_wconf 80' lang='lat' dir='ltr'><strong>peditum</strong></span> <span class='ocrx_word' id='word_1_277' title='bbox 1170 4120 1313 4175; x_wconf 79' lang='lat' dir='ltr'><strong>erat,</strong></span> 
     </span>
     <span class='ocr_line' id='line_1_38' title="bbox 295 4188 1312 4265; baseline -0.006 -19"><span class='ocrx_word' id='word_1_278' title='bbox 295 4195 349 4246; x_wconf 81' lang='lat' dir='ltr'><strong>in</strong></span> <span class='ocrx_word' id='word_1_279' title='bbox 374 4213 659 4248; x_wconf 83' lang='lat' dir='ltr'><strong>numerum</strong></span> <span class='ocrx_word' id='word_1_280' title='bbox 678 4194 918 4265; x_wconf 76' lang='lat' dir='ltr'><strong>equitum</strong></span> <span class='ocrx_word' id='word_1_281' title='bbox 950 4188 1312 4243; x_wconf 66' lang='lat' dir='ltr'><strong>nnumibere.</strong></span> 
     </span>
     <span class='ocr_line' id='line_1_39' title="bbox 296 4269 1314 4345; baseline -0.011 -15"><span class='ocrx_word' id='word_1_282' title='bbox 296 4272 479 4338; x_wconf 78' lang='lat' dir='ltr'><strong>Qum</strong></span> <span class='ocrx_word' id='word_1_283' title='bbox 506 4274 649 4329; x_wconf 84' lang='lat' dir='ltr'><strong>enim</strong></span> <span class='ocrx_word' id='word_1_284' title='bbox 671 4273 718 4328; x_wconf 73' lang='lat' dir='ltr'><strong>is</strong></span> <span class='ocrx_word' id='word_1_285' title='bbox 744 4274 893 4345; x_wconf 70' lang='lat' dir='ltr'><strong>cujus</strong></span> <span class='ocrx_word' id='word_1_286' title='bbox 914 4287 1109 4324; x_wconf 84' lang='lat' dir='ltr'><strong>nomen</strong></span> <span class='ocrx_word' id='word_1_287' title='bbox 1135 4269 1192 4321; x_wconf 86' lang='lat' dir='ltr'><strong>in</strong></span> <span class='ocrx_word' id='word_1_288' title='bbox 1222 4285 1314 4339; x_wconf 84' lang='lat' dir='ltr'><strong>pe·</strong></span> 
     </span>
    </p>
   </div>
   <div class='ocr_carea' id='block_1_6' title="bbox 1387 3230 2423 4334">
    <p class='ocr_par' dir='ltr' id='par_1_10' title="bbox 1387 3230 2414 4093">
     <span class='ocr_line' id='line_1_40' title="bbox 1387 3230 2408 3303; baseline -0.006 -16"><span class='ocrx_word' id='word_1_289' title='bbox 1387 3247 1504 3299; x_wconf 82' lang='lat' dir='ltr'><strong>tur,</strong></span> <span class='ocrx_word' id='word_1_290' title='bbox 1526 3234 1630 3286; x_wconf 86' lang='lat' dir='ltr'><strong>hoc</strong></span> <span class='ocrx_word' id='word_1_291' title='bbox 1657 3230 1763 3285; x_wconf 87' lang='lat' dir='ltr'><strong>dici</strong></span> <span class='ocrx_word' id='word_1_292' title='bbox 1785 3243 1957 3303; x_wconf 78' lang='lat' dir='ltr'><strong>potest</strong></span> <span class='ocrx_word' id='word_1_293' title='bbox 1989 3230 2260 3294; x_wconf 68' lang='lat' dir='ltr'><strong>mser-ibere,</strong></span> <span class='ocrx_word' id='word_1_294' title='bbox 2282 3230 2408 3300; x_wconf 78' lang='lat' dir='ltr'><strong>quia</strong></span> 
     </span>
     <span class='ocr_line' id='line_1_41' title="bbox 1388 3309 2406 3385; baseline -0.006 -19"><span class='ocrx_word' id='word_1_295' title='bbox 1388 3313 1641 3385; x_wconf 79' lang='lat' dir='ltr'><strong>scriptum</strong></span> <span class='ocrx_word' id='word_1_296' title='bbox 1679 3322 1929 3365; x_wconf 83' lang='lat' dir='ltr'><strong>mutatur.</strong></span> <span class='ocrx_word' id='word_1_297' title='bbox 1969 3310 2178 3364; x_wconf 83' lang='lat' dir='ltr'><strong>Samuel</strong></span> <span class='ocrx_word' id='word_1_298' title='bbox 2217 3309 2406 3374; x_wconf 62' lang='lat' dir='ltr'><strong>Petit„</strong></span> 
     </span>
     <span class='ocr_line' id='line_1_42' title="bbox 1390 3389 2408 3460; baseline -0.004 -14"><span class='ocrx_word' id='word_1_299' title='bbox 1390 3393 1545 3446; x_wconf 76' lang='lat' dir='ltr'><strong>Obss.</strong></span> <span class='ocrx_word' id='word_1_300' title='bbox 1576 3410 1627 3460; x_wconf 76' lang='grc' dir='ltr'><strong>ι,</strong></span> <span class='ocrx_word' id='word_1_301' title='bbox 1661 3395 1724 3457; x_wconf 89' lang='grc'><strong>6,</strong></span> <span class='ocrx_word' id='word_1_302' title='bbox 1755 3403 1964 3444; x_wconf 83' lang='lat' dir='ltr'><strong>acutum</strong></span> <span class='ocrx_word' id='word_1_303' title='bbox 2003 3389 2161 3442; x_wconf 79' lang='lat' dir='ltr'><strong>nimis</strong></span> <span class='ocrx_word' id='word_1_304' title='bbox 2198 3406 2408 3442; x_wconf 73' lang='lat' dir='ltr'><strong>sensum</strong></span> 
     </span>
     <span class='ocr_line' id='line_1_43' title="bbox 1389 3468 2410 3546; baseline -0.006 -20"><span class='ocrx_word' id='word_1_305' title='bbox 1389 3473 1603 3546; x_wconf 82' lang='lat' dir='ltr'><strong>reperit.</strong></span> <span class='ocrx_word' id='word_1_306' title='bbox 1633 3472 1805 3526; x_wconf 64' lang='lat' dir='ltr'><strong>Cesar</strong></span> <span class='ocrx_word' id='word_1_307' title='bbox 1829 3469 2092 3542; x_wconf 70' lang='lat' dir='ltr'><strong>pollicitus</strong></span> <span class='ocrx_word' id='word_1_308' title='bbox 2117 3480 2230 3520; x_wconf 74' lang='lat' dir='ltr'><strong>erat</strong></span> <span class='ocrx_word' id='word_1_309' title='bbox 2255 3485 2309 3520; x_wconf 79' lang='lat' dir='ltr'><strong>se</strong></span> <span class='ocrx_word' id='word_1_310' title='bbox 2340 3468 2410 3520; x_wconf 89' lang='lat' dir='ltr'><strong>le·</strong></span> 
     </span>
     <span class='ocr_line' id='line_1_44' title="bbox 1392 3551 2409 3623; baseline -0.011 -16"><span class='ocrx_word' id='word_1_311' title='bbox 1392 3552 1654 3623; x_wconf 71' lang='lat' dir='ltr'><strong>gionarios</strong></span> <span class='ocrx_word' id='word_1_312' title='bbox 1684 3552 1877 3605; x_wconf 71' lang='lat' dir='ltr'><strong>milites</strong></span> <span class='ocrx_word' id='word_1_313' title='bbox 1906 3551 1962 3602; x_wconf 88' lang='lat' dir='ltr'><strong>in</strong></span> <span class='ocrx_word' id='word_1_314' title='bbox 1991 3551 2409 3620; x_wconf 78' lang='lat' dir='ltr'><strong>proetorianoe-co-</strong></span> 
     </span>
     <span class='ocr_line' id='line_1_45' title="bbox 1394 3625 2411 3696; baseline -0.005 -14"><span class='ocrx_word' id='word_1_315' title='bbox 1394 3632 1574 3696; x_wconf 63' lang='lat' dir='ltr'><strong>hornis,</strong></span> <span class='ocrx_word' id='word_1_316' title='bbox 1598 3632 1652 3684; x_wconf 83' lang='lat' dir='ltr'><strong>i..</strong></span> <span class='ocrx_word' id='word_1_317' title='bbox 1670 3650 1717 3684; x_wconf 76' lang='lat' dir='ltr'><strong>e,</strong></span> <span class='ocrx_word' id='word_1_318' title='bbox 1749 3632 1806 3688; x_wconf 88' lang='lat' dir='ltr'><strong>in</strong></span> <span class='ocrx_word' id='word_1_319' title='bbox 1837 3629 2087 3683; x_wconf 83' lang='lat' dir='ltr'><strong>clientum</strong></span> <span class='ocrx_word' id='word_1_320' title='bbox 2114 3628 2233 3678; x_wconf 86' lang='lat' dir='ltr'><strong>loco</strong></span> <span class='ocrx_word' id='word_1_321' title='bbox 2259 3625 2411 3678; x_wconf 74' lang='lat' dir='ltr'><strong>habi·</strong></span> 
     </span>
     <span class='ocr_line' id='line_1_46' title="bbox 1394 3705 2413 3779; baseline -0.01 -15"><span class='ocrx_word' id='word_1_322' title='bbox 1394 3724 1606 3775; x_wconf 87' lang='lat' dir='ltr'><strong>turum;</strong></span> <span class='ocrx_word' id='word_1_323' title='bbox 1630 3721 1684 3762; x_wconf 83' lang='lat' dir='ltr'><strong>at</strong></span> <span class='ocrx_word' id='word_1_324' title='bbox 1710 3728 1852 3762; x_wconf 90' lang='lat' dir='ltr'><strong>nunc</strong></span> <span class='ocrx_word' id='word_1_325' title='bbox 1881 3707 1950 3759; x_wconf 83' lang='lat' dir='ltr'><strong>ad</strong></span> <span class='ocrx_word' id='word_1_326' title='bbox 1975 3725 2141 3779; x_wconf 76' lang='lat' dir='ltr'><strong>equum</strong></span> <span class='ocrx_word' id='word_1_327' title='bbox 2171 3705 2413 3766; x_wconf 78' lang='lat' dir='ltr'><strong>rescribit,-</strong></span> 
     </span>
     <span class='ocr_line' id='line_1_47' title="bbox 1395 3783 2413 3858; baseline -0.009 -14"><span class='ocrx_word' id='word_1_328' title='bbox 1395 3790 1500 3843; x_wconf 83' lang='lat' dir='ltr'><strong>hoe</strong></span> <span class='ocrx_word' id='word_1_329' title='bbox 1547 3802 1654 3854; x_wconf 78' lang='lat' dir='ltr'><strong>est,</strong></span> <span class='ocrx_word' id='word_1_330' title='bbox 1693 3807 1800 3840; x_wconf 87' lang='lat' dir='ltr'><strong>nou</strong></span> <span class='ocrx_word' id='word_1_331' title='bbox 1853 3799 2057 3840; x_wconf 81' lang='lat' dir='ltr'><strong>tantum</strong></span> <span class='ocrx_word' id='word_1_332' title='bbox 2101 3784 2159 3837; x_wconf 86' lang='lat' dir='ltr'><strong>in</strong></span> <span class='ocrx_word' id='word_1_333' title='bbox 2198 3783 2413 3858; x_wconf 73' lang='lat' dir='ltr'><strong>cliente-</strong></span> 
     </span>
     <span class='ocr_line' id='line_1_48' title="bbox 1395 3860 2410 3933; baseline -0.009 -11"><span class='ocrx_word' id='word_1_334' title='bbox 1395 3870 1537 3933; x_wconf 69' lang='lat' dir='ltr'><strong>lam,</strong></span> <span class='ocrx_word' id='word_1_335' title='bbox 1565 3867 1659 3922; x_wconf 80' lang='lat' dir='ltr'><strong>sed</strong></span> <span class='ocrx_word' id='word_1_336' title='bbox 1697 3879 1752 3919; x_wconf 86' lang='lat' dir='ltr'><strong>et</strong></span> <span class='ocrx_word' id='word_1_337' title='bbox 1782 3868 1840 3919; x_wconf 85' lang='lat' dir='ltr'><strong>in</strong></span> <span class='ocrx_word' id='word_1_338' title='bbox 1883 3864 2132 3920; x_wconf 75' lang='lat' dir='ltr'><strong>familiam</strong></span> <span class='ocrx_word' id='word_1_339' title='bbox 2164 3860 2410 3916; x_wconf 85' lang='lat' dir='ltr'><strong>admittit.</strong></span> 
     </span>
     <span class='ocr_line' id='line_1_49' title="bbox 1398 3939 2414 4001; baseline -0.007 -1"><span class='ocrx_word' id='word_1_340' title='bbox 1398 3946 1542 4001; x_wconf 86' lang='lat' dir='ltr'><strong>‘Vide</strong></span> <span class='ocrx_word' id='word_1_341' title='bbox 1573 3947 1810 4000; x_wconf 78' lang='lat' dir='ltr'><strong>Gronov.</strong></span> <span class='ocrx_word' id='word_1_342' title='bbox 1843 3943 1910 4000; x_wconf 83' lang='lat' dir='ltr'><strong>ad</strong></span> <span class='ocrx_word' id='word_1_343' title='bbox 1933 3944 2112 3997; x_wconf 87' lang='lat' dir='ltr'><strong>Senec.</strong></span> <span class='ocrx_word' id='word_1_344' title='bbox 2145 3939 2212 3994; x_wconf 72' lang='lat' dir='ltr'><strong>dc</strong></span> <span class='ocrx_word' id='word_1_345' title='bbox 2233 3941 2414 3996; x_wconf 83' lang='lat' dir='ltr'><strong>Benef.</strong></span> 
     </span>
     <span class='ocr_line' id='line_1_50' title="bbox 1400 4029 2366 4093; baseline -0.003 -14"><span class='ocrx_word' id='word_1_346' title='bbox 1400 4029 1472 4093; x_wconf 84' lang='lat' dir='ltr'><strong>V,</strong></span> <span class='ocrx_word' id='word_1_347' title='bbox 1500 4030 1553 4082; x_wconf 90' lang='grc'><strong>6.</strong></span> <span class='ocrx_word' id='word_1_348' title='bbox 2361 4071 2366 4076; x_wconf 79' lang='lat'>.</span> 
     </span>
    </p>

    <p class='ocr_par' dir='ltr' id='par_1_11' title="bbox 1402 4099 2423 4239">
     <span class='ocr_line' id='line_1_51' title="bbox 1479 4099 2423 4158; baseline -0.007 0"><span class='ocrx_word' id='word_1_349' title='bbox 1479 4106 1608 4158; x_wconf 61' lang='grc' dir='ltr'><strong>Ου’.</strong></span> <span class='ocrx_word' id='word_1_350' title='bbox 1638 4104 1835 4156; x_wconf 82' lang='lat' dir='ltr'><strong>XLIII.</strong></span> <span class='ocrx_word' id='word_1_351' title='bbox 1875 4120 1922 4158; x_wconf 85' lang='lat' dir='ltr'><strong>t.</strong></span> <span class='ocrx_word' id='word_1_352' title='bbox 1947 4103 2191 4154; x_wconf 74' lang='lat' dir='ltr'><strong>Terrenus.</strong></span> <span class='ocrx_word' id='word_1_353' title='bbox 2217 4099 2302 4154; x_wconf 83' lang='lat' dir='ltr'><strong>Al.</strong></span> <span class='ocrx_word' id='word_1_354' title='bbox 2332 4112 2423 4152; x_wconf 64' lang='lat' dir='ltr'><strong>ten·</strong></span> 
     </span>
     <span class='ocr_line' id='line_1_52' title="bbox 1402 4181 2216 4239; baseline -0.006 -1"><span class='ocrx_word' id='word_1_355' title='bbox 1402 4206 1523 4238; x_wconf 80' lang='lat' dir='ltr'><strong>reus.</strong></span> <span class='ocrx_word' id='word_1_356' title='bbox 1558 4181 1730 4239; x_wconf 88' lang='lat' dir='ltr'><strong>codd.</strong></span> <span class='ocrx_word' id='word_1_357' title='bbox 1763 4182 1928 4235; x_wconf 81' lang='lat' dir='ltr'><strong>nostri</strong></span> <span class='ocrx_word' id='word_1_358' title='bbox 1969 4183 2216 4234; x_wconf 77' lang='lat' dir='ltr'><strong>Terrenus.</strong></span> 
     </span>
    </p>

    <p class='ocr_par' dir='ltr' id='par_1_12' title="bbox 1479 4258 2422 4334">
     <span class='ocr_line' id='line_1_53' title="bbox 1479 4258 2422 4334; baseline -0.011 -16"><span class='ocrx_word' id='word_1_359' title='bbox 1479 4285 1530 4318; x_wconf 70' lang='grc' dir='ltr'><strong>ει.</strong></span> <span class='ocrx_word' id='word_1_360' title='bbox 1552 4262 1789 4334; x_wconf 74' lang='lat' dir='ltr'><strong>Utrisque.</strong></span> <span class='ocrx_word' id='word_1_361' title='bbox 1806 4260 1926 4320; x_wconf 79' lang='lat' dir='ltr'><strong>scil.</strong></span> <span class='ocrx_word' id='word_1_362' title='bbox 1943 4262 2072 4319; x_wconf 72' lang='lat' dir='ltr'><strong>Coes.</strong></span> <span class='ocrx_word' id='word_1_363' title='bbox 2089 4273 2142 4318; x_wconf 77' lang='lat' dir='ltr'><strong>et</strong></span> <span class='ocrx_word' id='word_1_364' title='bbox 2151 4258 2422 4318; x_wconf 76' lang='lat' dir='ltr'><strong>Ariovisti.</strong></span> 
     </span>
    </p>
   </div>
  </div>
 </body>
</html>
