3111 5147
1004 525 1732 595 mssERTATlo.
2283 513 2436 619 403

309 659 479 753 sugit
518 655 681 726 illud
694 712 714 746 ,
745 657 862 727 sed
892 672 1143 752 poetae3
1175 659 1531 753 gabeatum
1559 683 1712 728 sero
1744 657 1958 729 duelli
1960 667 2273 758 poem‘tet.
2304 663 2321 688 ¹
2371 668 2437 736 S.

308 767 694 858 Hieronymi
722 762 1044 859 Prologus
1072 762 1365 861 galeatus
1396 766 1604 834 serior
1640 780 1755 835 est.
1789 768 1953 861 Cap.
1994 792 2019 836 1
2035 773 2438 863 931’nnume-

305 871 562 942 rabdis.
597 874 764 967 Cap.
811 869 855 946 3
875 896 943 960 ¹3
974 876 1218 966 ignota
1238 886 1511 967 peccata
1534 870 1849 967 legimus,
1876 874 2115 968 quihus
2140 878 2437 970 ignosce-

306 978 520 1052 batur.
559 981 724 1073 Cap.
752 976 1371 1068 463cmczabil12er
1402 979 1763 1072 mtetsectz‘.
1797 981 1958 1077 Cap.
2004 976 2142 1071 543
2179 1006 2439 1080 par-vu·

305 1086 448 1155 lam
502 1083 1596 1182 caquam.Cap.57;pa1vum
1648 1102 2050 1160 senatorem.
2101 1091 2262 1184 Cap.
2307 1087 2438 1180 58;

304 1197 814 1288 magniseopzzt
830 1194 1241 1288 mistaque
1263 1192 1757 1290 mgtspraeduz:
1780 1195 1944 1288 Cap.
1968 1190 2101 1283 66,
2113 1192 2249 1280 68;
2276 1222 2434 1294 σιφ-

308 1304 913 1370 υεάαεοεειατενε.
927 1302 1090 1394 ,Cap-
1118 1323 1244 1395 77·
1253 1314 1695 1386 commeatus,
1700 1307 2430 1394 monacastristamen,

301 1406 434 1475 sed
442 1406 548 1475 ad
555 1420 816 1488 eastra
844 1408 1006 1504 Cap.
1039 1429 1078 1500 7
1092 1405 1162 1493 8·
1177 1420 1253 1480 ut
1273 1404 2023 1498 baberentfacultatem
2044 1423 2306 1480 turmas
2315 1413 2433 1480 Ju-

303 1513 536 1582 lianas
558 1511 1111 1605 cz‘tvwnffiadere.
1129 1512 1388 1584 Ibidem
1405 1515 1769 1607 Satagere‚
1793 1538 1915 1609 pro
1931 1512 2155 1607 praelio
2176 1513 2432 1587 labora-

302 1643 391 1688 re.
409 1621 574 1715 Cap.
591 1620 716 1707 88,
734 1635 1022 1690 mentem
1045 1617 1828 1713 mfugamdestinatam.
1847 1618 2231 1694 Africanum
2253 1623 2435 1694 hunc

301 1725 945 1821 scriptoremssisque
957 1725 1388 1820 temporibus
1363 1728 2434 1821 ιμικιιοιτεειιι,τινςιιιιῐιιῐοῐιιιιιῑιιεηει·

300 1855 498 1901 voces
526 1856 755 1927 graecae
781 1847 977 1927 atque
998 1830 1383 1904 hellenismi.
1415 1834 1548 1923 Qui
1564 1834 1768 1902 mixto
1787 1848 2002 1902 essent
2012 1858 2282 1927 genere,
2303 1839 2432 1905 Hc·-

296 1936 534 2010 bn'a'as
560 1938 848 2034 appellat
868 1964 924 2009 c.
965 1963 990 2009 1
1008 1962 1077 2034 9.
1101 1942 1625 2035 Hippotoxotas
1660 1939 1860 2008 habet
1895 1939 2048 2008 ibid.
2088 1941 2436 2036 Epibatas

295 2070 353 2115 c.
385 2071 508 2134 πο,
534 2043 661 2134 62,
689 2044 816 2120 63.
849 2047 1342 2142 Catascopum,
1377 2070 1433 2114 c.
1472 2043 1588 2115 26.
1621 2050 1711 2115 In
1738 2047 1894 2116 salo
1923 2070 2071 2115 esse
2095 2047 2252 2116 huic
2278 2073 2432 2118 auc-

297 2153 458 2237 tori,
499 2178 555 2222 c.
598 2151 729 2241 46,
767 2150 864 2224 62
884 2205 908 2239 ,
943 2149 1045 2228 63
1063 2204 1088 2239 ,
1126 2151 1538 2224 tantumdem
1575 2150 1789 2240 valet,
1823 2151 2002 2246 quod
2034 2154 2283 2223 Graecis
2323 2181 2429 2223 σα-

294 2261 524 2343 λεύειν,
552 2273 620 2328 et
647 2250 1022 2328 διασαλεύειν
1044 2310 1063 2343 ,
1091 2273 1159 2327 et
1197 2258 1280 2328 de
1317 2260 1474 2330 navi
1514 2259 1791 2346 dicitur,
1823 2284 1968 2353 quae
2005 2255 2224 2327 liberae
2268 2261 2427 2330 fluc-

294 2379 485 2435 tuum
511 2367 922 2438 marinorum
948 2366 1287 2460 agitationi
1305 2366 1676 2460 exponitur.
1708 2366 1879 2436 Sunt
1903 2366 1972 2432 in
2003 2364 2237 2436 eodem
2260 2363 2430 2436 libro

292 2470 453 2560 alia,
483 2496 632 2566 quae
657 2496 1036 2544 coaevorum
1067 2473 1369 2566 peritiam
1402 2472 1677 2566 sapiant.
1713 2468 2139 2566 Virgiliarum
2167 2473 2429 2566 signum

290 2580 670 2667 confectum
703 2593 1028 2651 memorat
1051 2594 1205 2674 post
1232 2581 1330 2649 VI
1355 2576 1504 2647 Kal.
1543 2578 1697 2649 Feb.
1724 2603 1780 2647 c.
1810 2582 1929 2674 47.
1954 2580 2084 2647 Pro
2109 2603 2270 2648 vero
2306 2583 2431 2650 sci-

289 2683 443 2756 licet
466 2684 638 2756 illius
653 2688 809 2755 anni
822 2684 1228 2774 calendari0‚
1249 2710 1383 2780 quo
1407 2685 1597 2754 Febr.
1617 2688 1651 2754 I
1669 2738 1693 2773 ‚
1712 2687 1781 2753 in
1803 2685 2166 2754 Novembr.
2186 2688 2224 2756 J
2227 2686 2430 2756 uliani

288 2790 464 2862 diem
507 2795 607 2862 XI
645 2792 1115 2881 conveniebat,
1157 2816 1290 2886 quo
1328 2790 1666 2860 Pleiadum
1708 2790 2190 2861 confectionem
2224 2793 2428 2864 refert

287 2896 552 2969 Plinius.
587 2897 796 2969 Aliter
831 2914 1009 2968 certe
1042 2900 1244 2968 sensit
1276 2897 1386 2967 hic
1422 2912 1655 2966 auctor
1673 2949 1695 2983 ‚
1721 2920 1920 2990 quam
1957 2896 2388 2993 interpolator
2406 2955 2428 2990 ,

287 3007 399 3100 qui
434 3007 632 3075 etiam
660 3007 1048 3076 Ianuarium
1077 3005 1161 3074 ab
1191 3004 1467 3074 Octobr.
1505 3001 1746 3074 Iuliani
1770 3002 1875 3071 die
1904 3005 2073 3071 XIII
2108 3006 2425 3099 incipien-

282 3126 420 3181 tem
463 3137 583 3207 per
625 3114 779 3181 anni
816 3127 1076 3206 tempus
1120 3109 1564 3205 periculosum
1610 3134 1751 3178 esse
1793 3107 2004 3179 voluit
2055 3110 2420 3204 naviganti-

283 3217 410 3288 bus
435 3273 455 3306 ,
497 3234 566 3288 et
604 3219 868 3314 quidem
912 3221 1005 3287 ita
1047 3215 1488 3312 periculosum
1513 3269 1534 3306 ‚
1573 3232 1651 3286 ut
1692 3214 1922 3285 mediis
1966 3212 2119 3283 belli
2162 3217 2422 3287 casibus

283 3326 494 3419 magis
534 3339 758 3394 tamen
801 3339 973 3395 esset
990 3379 1010 3413 ‚
1046 3348 1246 3419 quam
1290 3322 1535 3394 bellum
1576 3325 1792 3420 ipsum
1814 3377 1833 3411 ,
1874 3321 2283 3395 metuendus.
2332 3326 2421 3394 Et

281 3455 555 3501 manum
599 3434 796 3501 etiam
845 3455 1137 3501 coaevam
1183 3433 1793 3525 accuratioremque
1832 3428 2125 3507 indicant
2160 3444 2261 3498 tot
2302 3455 2418 3500 vo·

281 3561 393 3607 ces
436 3537 746 3608 militares
765 3591 787 3627 ,
821 3537 1090 3633 aliaeque
1126 3538 1445 3608 technicae
1467 3591 1487 3626 ‚
1521 3538 1731 3632 magis
1765 3537 1876 3606 bic
1911 3560 2072 3607 vero
2099 3538 2421 3631 temporis

279 3642 528 3714 decoro
539 3644 1034 3741 respondentes»,
1053 3669 1252 3739 quam
1274 3668 1397 3737 pro
1415 3645 1900 3738 captujunioris
1911 3641 2417 3738 interpolator-ie.

281 3751 560 3821 Librum
604 3776 765 3847 ergo
796 3755 993 3821 Hirtii
1036 3751 1120 3822 de
1155 3749 1329 3821 bello
1370 3751 1686 3821 Africano
1731 3750 1813 3819 ad
1850 3748 2005 3820 Julii
2051 3748 2229 3821 Celsi
2267 3763 2420 3819 aeta·

279 3870 415 3927 tem
456 3861 833 3953 pervenisse
869 3874 1073 3954 put03
1105 3858 1220 3929 sed
1255 3856 1563 3929 mutilum
1589 3857 1883 3927 fortassis
1904 3909 1924 3943 ‚
1949 3871 2064 3933 aut
2082 3859 2195 3951 qui
2223 3853 2420 3927 Celso

277 3963 551 4034 mutilus
585 3965 818 4035 haberi
859 3968 1284 4060 posset.-Hoc
1324 3967 1550 4058 utique
1596 3977 1917 4057 praetextu
1952 3961 2058 4030 vel
2100 3965 2235 4035 suis
2254 4017 2275 4051 ,
2315 3960 2422 4032 vel

277 4072 501 4141 nescio
543 4073 733 4167 cujus
761 4071 1029 4143 alterius
1063 4072 1447 4167 fabulatoris
1489 4070 1820 4164 figmentis
1867 4068 2310 4164 interpolavit.

369 4282 413 4314 ι.
437 4262 658 4316 Juvenal.
689 4262 796 4317 Sat.
839 4283 887 4317 1.
921 4286 974 4317 v.
1015 4268 1144 4331 169.
2031 4340 2053 4368 ι

1917 4341 2012 4413 26
