3111 5147
645 623 649 627 ,
718 551 817 635 44
988 550 1420 619 G.JUL11
1477 549 1976 617 CAESARIS
2030 549 2606 619 COMMENT.

715 696 885 750 esset
903 734 922 769 ,
960 682 1133 750 hanc
1175 682 1296 751 sibi
1338 680 1715 777 populoque
1755 704 2031 750 romano
2075 683 2350 774 gratiam
2393 681 2666 749 referret
2681 666 2731 768 ³,
2759 695 2838 749 ut

712 789 784 854 in
821 786 1217 881 colloquium
1251 790 1475 856 venire
1517 789 1830 855 invitatus
1873 802 2278 880 gravaretur,
2295 811 2507 879 neque
2543 787 2626 855 de
2662 812 2836 855 com·

714 895 902 962 muni
961 919 1031 962 re
1090 893 1439 963 dicendum
1489 893 1611 961 sibi
1670 908 1737 961 et
1792 892 2320 987 cognoscendum
2363 907 2662 986 putaret;
2690 892 2838 963 haec

715 1023 857 1068 esse
876 1053 895 1086 ,
926 1025 1071 1093 quae
1106 1000 1190 1067 ab
1232 1024 1311 1068 eo
1347 998 1742 1092 postularet:
1771 1002 2057 1093 primum
2078 1053 2098 1087 ,
2123 1024 2206 1067 ne
2247 1022 2446 1092 quam
2480 997 2839 1067 multitudi-

716 1130 870 1172 nem
913 1106 1256 1173 hominum
1313 1104 1590 1200 amplius
1647 1120 1827 1173 trans
1880 1105 2188 1173 Rhenum
2241 1107 2310 1172 in
2362 1102 2644 1174 Galliam
2697 1119 2829 1172 tra·

716 1209 1021 1279 duceret:
1042 1211 1276 1279 deinde
1301 1211 1590 1298 ohsideS,
1615 1236 1781 1305 quos
1809 1211 2083 1279 haberet
2104 1209 2187 1277 ab
2211 1210 2466 1297 AEduis,
2495 1210 2834 1300 redderet3

718 1318 1163 1453 Sequanisque
1198 1319 1638 1410 permitteret,
1661 1331 1737 1385 ut
1754 1341 1960 1411 ,quos
1994 1315 2087 1383 illi
2113 1316 2469 1403 haberent,
2491 1315 2836 1386 voluntate

717 1421 856 1513 ejus
875 1409 1206 1491 “reddere
1248 1422 1370 1492 illis
1412 1422 1673 1511 liceret3
1701 1447 1867 1491 neve
1900 1421 2198 1491 AEduos
2181 1423 2418 1514 injuria
2457 1420 2833 1511 lacesseret,

717 1552 884 1596 neve
926 1528 1027 1597 his
1071 1531 1345 1598 sociisve
1378 1555 1609 1598 eorum
1647 1527 1888 1597 bellum
1916 1527 2201 1596 inferret.
2229 1530 2297 1596 Si
2323 1527 2390 1596 id
2419 1529 2509 1595 ita
2543 1529 2832 1615 fecisset,

716 1634 837 1701 sibi
894 1634 1269 1729 populoque
1312 1660 1588 1703 romano
1630 1649 2015 1753 perpetuam
2058 1635 2332 1728 gratiam
2380 1647 2573 1727 atque
2616 1636 2834 1702 amici-

714 1740 874 1806 tiam
917 1765 1070 1808 cum
1112 1766 1192 1808 eo
1236 1740 1571 1809 futuram:
1607 1742 1659 1808 si
1695 1765 1829 1808 non
1860 1742 2281 1870 impetraret,
2316 1764 2454 1810 sese
2473 1793 2493 1827 ,
2517 1743 2832 1834 quoniam

716 1846 813 1913 Μ.
860 1844 1144 1915 Messala
1202 1849 1294 1913 M.
1328 1848 1584 1921 Pisone
1643 1832 1882 1914 Coss.⁵
1929 1849 2204 1915 Senatus
2264 1848 2652 1935 censuisset,
2686 1848 2831 1934 uti,

714 1953 1131 2079 quicumque6
1136 1950 1417 2020 Galliam
1444 1954 1851 2046 provinciam
1888 1952 2211 2021 obtineret
2229 1952 2452 2047 ,quod
2480 1952 2832 2025 commodo

715 2041 1131 2150 reipublicae⁶
1167 2056 1380 2125 facere
1421 2073 1676 2151 posset,
1705 2057 1950 2126 AEduos
1992 2073 2371 2153 ceterosque
2414 2060 2656 2129 amicos
2711 2085 2829 2154 po·

712 2161 853 2255 puli
904 2164 1161 2231 romani
1209 2163 1625 2251 defenderet,
1659 2188 1797 2234 sese
1837 2163 2201 2235 AEduorum
2244 2167 2514 2258 injurias
2549 2190 2685 2234 non
2716 2190 2830 2235 ne·

713 2265 1098 2361 glecturum.
1137 2300 1172 2334 2>

818 2378 1136 2446 XXXVI.
1199 2377 1303 2446 Ad
1361 2378 1502 2446 haec
1554 2379 1922 2449 Ariovistus
1983 2379 2320 2474 respondit
2360 2405 2375 2446 :
2429 2408 2463 2444 α
2521 2381 2637 2448 Jus
2688 2403 2831 2448 esse

797 2586 848 2638 3.
890 2586 1036 2637 Hanc
1052 2586 1145 2637 sibi
1161 2589 1389 2660 populiq5
1407 2607 1521 2640 rom.
1538 2588 1732 2641 Merito
1816 2601 1946 2643 tum.
1978 2590 2210 2643 Eventus
2239 2589 2382 2642 enim
2409 2601 2589 2661 postea
2618 2587 2830 2654 docuit,

716 2664 908 2735 ingrati
927 2665 1089 2717 animi
1113 2666 1286 2719 Caesar
1309 2669 1628 2721 Ariovistum
1655 2687 1734 2720 ar·
1817 2667 2108 2722 cavendum
2138 2669 2316 2722 fuisses
2333 2670 2581 2721 Romanis
2617 2670 2685 2720 ab
2725 2669 2831 2722 illis

716 2743 856 2815 guit,
887 2745 978 2816 qui
1007 2745 1264 2799 beneficio
1295 2759 1409 2799 tum
1445 2767 1475 2800 a
1504 2768 1585 2814 se,
1618 2760 1730 2800 tum

716 2842 747 2876 a
787 2843 912 2895 pop.
956 2844 1090 2877 rom.
1125 2826 1366 2893 affectus,
1398 2846 1512 2880 eam
1553 2840 1728 2880 tamen

714 2904 934 2957 referret
962 2905 1207 2976 gratiam,
1234 2919 1288 2960 et
1315 2926 1481 2978 usque
1503 2927 1568 2960 eo
1594 2908 1729 2961 ohli-

714 2983 1000 3037 visceretur
1042 2986 1285 3039 beneficii
1309 3024 1326 3052 ,
1366 2999 1427 3039 ut
1469 3001 1730 3042 recusaret

715 3063 943 3134 colloqui
966 3083 1156 3119 secum.

796 3150 846 3207 4.
878 3144 936 3196 V
929 3146 1139 3197 oluntate
1163 3149 1278 3216 ejus.
1304 3146 1570 3200 Ariovisti.

799 3223 850 3275 5.
891 3224 966 3275 Μ.
994 3224 1205 3276 Messala
1230 3238 1280 3276 et
1295 3226 1371 3277 M.
1404 3228 1581 3278 Pisone
1608 3246 1723 3279 coss.

714 3299 783 3354 U.
818 3302 878 3354 C.
916 3320 962 3353 c.
999 3304 1131 3371 693.
1171 3305 1246 3356 Μ.
1280 3304 1471 3357 Pisone
1498 3307 1730 3358 restituit

643 3398 649 3404 ·
713 3378 1003 3452 Glandorp.
1022 3382 1075 3434 h.
1102 3383 1137 3434 l.
1165 3395 1217 3435 et
1236 3401 1377 3454 supr.
1403 3402 1446 3436 c.
1477 3404 1525 3436 α.
1552 3383 1722 3438 Codd.

712 3459 908 3512 habent
921 3479 1042 3512 mox
1056 3461 1114 3513 P.
1131 3481 1253 3514 mox
1268 3464 1329 3516 L.
1347 3462 1514 3516 Graec.
1530 3464 1722 3536 interp.

712 3540 941 3611 appellat
966 3540 1185 3611 Μάρκον.
1219 3542 1319 3598 On.

794 3623 846 3671 6.
894 3620 1045 3689 Quod
1063 3622 1301 3672 commodo
1330 3621 1608 3692 regvublicae.
1643 3622 1725 3676 Ita

710 3697 1043 3768 provideret,
1054 3719 1122 3752 ne
1140 3713 1281 3772 resp:
1302 3699 1425 3754 inde
1442 3699 1726 3754 detrimen-

712 3785 825 3829 tum
854 3779 1210 3850 caperet.Vid.
1228 3780 1263 3833 l.
1282 3799 1339 3834 vr
1353 3819 1370 3847 ,
1393 3781 1462 3834 33
1477 3819 1494 3847 ‚
1510 3793 1564 3832 et
1582 3781 1722 3834 Bris-

710 3876 818 3919 son,
840 3856 907 3910 de
925 3859 1187 3912 Formulis
1200 3881 1251 3931 p.
1267 3862 1329 3913 R.
1351 3862 1411 3912 L.
1427 3879 1568 3932 11,p.
1591 3880 1617 3913 2
1632 3866 1720 3917 16.

710 3934 778 3988 H.
807 3938 842 3990 l.
886 3939 1138 4012 tantisper
1163 3941 1518 3993 immoremur.
1546 3941 1725 4006 Quan-

709 4034 868 4086 quam
879 4018 1058 4072 multis
1066 4020 1235 4072 visum
1244 4034 1320 4073 est
1335 4020 1606 4074 materiam
1617 4022 1724 4074 bel-

707 4094 881 4149 lorum
902 4117 931 4150 a
957 4098 1158 4152 Caesare
1176 4101 1282 4152 levi
1303 4099 1370 4153 de
1391 4120 1544 4154 causa
1565 4100 1722 4154 fuisse

710 4178 995 4244 quoesitam,
1022 4191 1195 4232 tamen
1226 4199 1371 4253 aequa
1400 4192 1522 4234 sunt
1546 4193 1723 4252 postu·

708 4254 836 4319 lata,
867 4274 982 4326 quae
1010 4259 1135 4311 ferri
1161 4260 1363 4313 curavit
1390 4260 1458 4313 ad
1486 4260 1721 4315 Ariovis-

1815 2749 2306 2820 septentrionalihus
2322 2749 2553 2820 populis,
2566 2745 2707 2799 unde
2721 2761 2834 2800 tan-

1815 2826 1937 2880 dem
1956 2848 2175 2882 romano
2200 2829 2423 2899 imperio
2448 2828 2546 2880 suit
2569 2840 2684 2880 orta
2705 2847 2828 2899 per·

1813 2909 2006 2973 nicies3
2025 2907 2092 2961 de
2116 2908 2306 2979 quibus
2327 2907 2543 2961 Cerialis
2560 2905 2701 2978 apud
2722 2908 2829 2960 Ta·

1813 2987 1974 3041 citum
1989 3028 2004 3053 ,
2021 2988 2154 3040 Hist.
2180 2987 2272 3040 lib.
2295 3006 2370 3052 tv,
2390 2988 2480 3059 73.
2500 2987 2688 3039 Eadem
2705 3007 2830 3038 sem-

1806 3088 1897 3138 per
1929 3088 2070 3120 causa
2103 3067 2354 3120 Germanis
2385 3067 2744 3118 transcendendi
2777 3071 2832 3117 in

1818 3147 2037 3210 Gallias,
2066 3147 2212 3199 libido
2235 3159 2376 3218 atque
2393 3149 2619 3208 avar-itia,
2647 3159 2693 3197 et
2721 3165 2830 3198 mu-

1814 3227 1973 3278 tandoe
1997 3229 2121 3279 sedis
2146 3245 2312 3278 amor:
2333 3238 2406 3288 ut,
2435 3226 2608 3278 relictis
2626 3225 2831 3297 paludi-

1813 3305 1896 3357 bus
1933 3318 1983 3357 et
2018 3306 2348 3358 solitudinibus
2381 3310 2508 3368 suis,
2536 3305 2830 3374 secundissi-

1811 3405 1935 3437 mum
1966 3386 2054 3437 hoc
2088 3386 2237 3436 solum
2251 3425 2268 3448 ,
2303 3406 2480 3458 vosque
2519 3388 2639 3457 ipsos
2666 3386 2831 3455 possi-

1810 3465 1986 3517 derent.
2034 3463 2359 3517 Praevidebat
2395 3463 2607 3536 quidem
2652 3463 2831 3517 Caesar

1809 3543 2130 3597 Ariovistum
2170 3544 2275 3596 suis
2311 3543 2583 3615 postulatis
2612 3562 2828 3615 exaspe-

1808 3636 1981 3678 ratum
2021 3623 2127 3688 iri;
2167 3621 2259 3675 sed
2296 3622 2421 3676 inde
2457 3623 2580 3677 belli
2618 3642 2784 3677 causat
2807 3663 2824 3689 ,

1810 3722 1937 3775 quas
1969 3704 2142 3756 Caesar
2169 3722 2279 3756 non
2309 3705 2605 3768 recusabat,
2624 3704 2825 3768 immo,

1809 3795 1990 3836 autore
2016 3782 2188 3836 Dione
2209 3822 2226 3850 ,
2258 3785 2535 3854 quaerebat.
2569 3782 2710 3836 Gon.
2742 3783 2827 3835 Ex

1807 3863 1910 3915 hoc
1940 3876 2114 3916 autem
2144 3864 2197 3917 S.
2229 3863 2289 3916 C.
2319 3863 2443 3916 belli
2470 3861 2683 3933 gerendi
2713 3863 2830 3916 Cae-

1807 3961 1891 3995 sar
1913 3944 2273 3996 auctoritatem
2294 3943 2529 4014 sumpsit.
2552 3943 2827 4007 Quantum

1806 4020 1861 4073 in
1894 4042 1948 4075 se
1980 4023 2108 4088 fuit,
2127 4023 2177 4076 S.
2205 4023 2266 4076 C.
2299 4034 2526 4075 mentem
2555 4020 2823 4087 extendit;

1807 4102 2030 4155 fortunae
2059 4121 2184 4156 vero
2216 4102 2362 4154 favor
2387 4102 2538 4154 illum
2568 4101 2824 4167 absolvit,

1805 4182 1927 4252 qui,
1952 4183 1994 4235 si
2024 4201 2134 4235 rem
2162 4180 2334 4234 minus
2360 4199 2609 4253 prospere
2638 4181 2832 4252 gessis-

1805 4273 1910 4329 set,
1935 4261 2209 4316 damnatus
2240 4273 2378 4315 certe
2409 4261 2604 4314 suisset.
