3111 5147
726 512 823 585 36

1010 516 1085 583 C.
1140 513 1424 581 JULII
1487 511 1949 579 CAESARIS
2003 507 2551 579 COMMENT.

723 643 950 716 Galliae
993 645 1350 738 provincias
1385 640 1976 736 Allobrogibusque
2025 637 2257 710 essent.
2303 641 2498 709 Boios
2516 692 2535 725 ,
2562 638 2838 733 petenti·

719 750 844 820 bus
880 751 1140 839 AEduis,
1166 749 1345 844 quod
1380 750 1643 844 egregia
1685 750 1926 815 virtute
1966 762 2153 817 erant
2189 746 2468 839 cogniti,
2490 758 2566 812 ut
2600 747 2668 812 in
2695 744 2842 812 ‘fini-

717 856 842 926 bus
896 859 1027 926 suis
1075 855 1475 926 collocarent
1497 907 1517 942 ‚
1562 855 1934 941 concessit3
1972 853 2207 947 quibus
2255 850 2347 919 illi
2401 875 2594 944 agros
2644 850 2840 918 dede-

718 978 909 1050 runt,
939 986 1231 1056 quosque
1282 975 1509 1054 postea
1565 961 1631 1027 in
1680 984 1906 1055 parem
1934 959 2100 1052 juris
2136 956 2580 1051 libertatisque
2613 956 2838 1025 c'ondi·

716 1071 965 1138 tionem
981 1120 1001 1155 ‚
1031 1082 1225 1161 atque
1270 1067 1393 1161 ipsi
1428 1080 1653 1153 erant,
1677 1079 2083 1159 receperunt.
2193 1119 2197 1123 <

820 1176 1074 1244 XXIX.
1113 1175 1193 1240 In
1243 1172 1470 1241 castris
1507 1170 1961 1240 Helvetiorum
2003 1168 2241 1239 tabulae
2291 1181 2565 1263 repertae
2608 1183 2764 1238 sunt
2795 1167 2838 1255 ‘,

770 1373 904 1426 Cn.
915 1370 1151 1426 XXIX.·1
1164 1412 1176 1424 .
1189 1369 1441 1425 Tabuloe...
1453 1373 1543 1424 litt.
1567 1371 1729 1426 Graec.

716 1454 956 1520 confictoe.
974 1450 1200 1504 Druidas
1214 1490 1230 1516 ,
1245 1453 1300 1503 in
1313 1452 1469 1503 rebus
1492 1469 1607 1521 qum
1624 1471 1733 1503 non

713 1530 783 1584 ad
797 1531 1030 1602 ipsorum
1042 1529 1369 1602 disciplinam
1382 1530 1732 1602 pertinerent,

714 1610 751 1662 i.
774 1629 820 1662 e.
843 1610 1077 1701 privatis
1087 1623 1141 1662 et
1168 1609 1393 1681 publicis
1412 1609 1731 1677 rationibus,

710 1688 898 1742 litteris
928 1688 1106 1760 graecis
1136 1690 1215 1741 uti
1244 1688 1421 1741 solitos
1458 1707 1575 1741 esse
1618 1708 1732 1742 cer-

713 1780 828 1821 tum
851 1780 957 1834 est,
980 1781 1093 1821 tum
1113 1787 1177 1821 ex
1194 1766 1311 1839 ipso
1334 1768 1567 1832 Cessare,
1590 1766 1730 1833 l.v1,

700 1866 759 1900 ·c.
814 1866 837 1899 1
841 1836 915 1919 β
947 1846 1019 1900 'de
1059 1848 1185 1918 ipsis
1228 1844 1477 1910 Druidis;
1509 1858 1622 1898 tum
1667 1866 1732 1900 ex

710 1925 999 1993 Strabone,
1020 1927 1057 1978 l.
1091 1944 1177 1991 tv,
1198 1945 1252 1997 p.
1291 1927 1391 1978 181
1415 1926 1548 1996 ,qui
1573 1926 1734 1979 refert

704 2005 871 2076 ‚paulo
894 2017 1012 2057 ante
1034 2017 1237 2058 aetatem
1259 2022 1405 2058 suam
1435 2004 1716 2058 invaluisse

710 2102 912 2136 morem
948 2085 1195 2136 formulas
1224 2095 1522 2154 pactorum,
1553 2103 1732 2136 rerum

712 2175 1122 2228 contractarum,
1141 2181 1306 2233 graece
1330 2160 1596 2215 scribendi
1620 2180 1634 2213 :
1663 2162 1730 2215 τὰ

711 2240 989 2314 συμὸόλαια
1025 2233 1243 2302 mmcd
1282 2243 1532 2312 γράφουσι.
1570 2241 1638 2292 Et
1668 2260 1731 2294 ex

710 2321 813 2375 hoc
842 2322 958 2392 ipso
992 2322 1108 2374 loco
1147 2320 1404 2392 conjicere
1432 2320 1554 2373 licet
1588 2320 1731 2373 hunc

709 2420 913 2454 morem
929 2402 1111 2453 saltem
1124 2400 1340 2453 Caesaris
1355 2411 1520 2455 aetate,
1539 2399 1622 2452 sin
1636 2400 1732 2452 mi-

699 2499 810 2534 mus
832 2480 999 2532 multo
1021 2491 1140 2531 ante
1156 2479 1429 2550 mviguisse
1452 2477 1533 2531 Ῑ(1.
1558 2478 1727 2532 Strab.

709 2580 808 2614 nos
824 2557 986 2613 docet
1004 2517 1349 2612 Massilienses
1367 2567 1570 2611 tantum
1587 2559 1730 2612 Gro-

711 2657 895 2693 corum
916 2657 1146 2691 amorem
1171 2639 1403 2720 injecisse
1417 2638 1606 2703 Gallis,
1631 2640 1726 2699 ses

706 2718 795 2771 καὶ
833 2717 902 2770 τὰ
943 2715 1219 2787 cupediae
1252 2703 1470 2779 Ελληνιςὶ
1511 2722 1727 2789 γραφεῑν.

712 2798 852 2868 Ergo
879 2815 977 2868 per
1006 2797 1352 2849 Massilienses
1380 2797 1582 2850 occasio
1608 2797 1731 2850 scri-

705 2875 1062 2948 bendi-grace
1094 2875 1258 2929 Gallis
1284 2875 1464 2929 oblata
1496 2889 1590 2929 est.
1627 2875 1730 2928 Sed

711 2975 821 3009 non
829 2953 1123 3028 putandum
1132 2955 1308 3009 Gallos
1325 2974 1505 3008 omnes
1513 2955 1729 3010 casaris

706 3037 1036 3109 temporibus
1048 3053 1334 3107 graecarum
1343 3035 1637 3088 litterarum
1652 3035 1731 3087 in-

709 3116 999 3187 telligentes
1039 3115 1196 3168 fuisse
1220 3133 1233 3167 :
1258 3126 1325 3166 ut
1364 3126 1547 3167 contra
1591 3116 1730 3169 inter

711 3196 1141 3266 paucissimorum
1158 3194 1434 3246 hominum
1447 3205 1638 3247 coetum
1651 3213 1731 3247 re-

712 3285 915 3345 ceptam
939 3273 1095 3325 fuisse
1122 3273 1258 3325 hanc
1280 3272 1549 3325 scientiam
1570 3292 1727 3344 appa-

712 3364 841 3405 reat.
892 3351 1103 3404 Novum
1151 3350 1400 3422 quiddam
1453 3364 1594 3417 erat,
1630 3371 1728 3406 nec

713 3432 960 3484 omnibus
979 3448 1124 3501 mque
1146 3442 1412 3500 acceptum
1434 3443 1587 3501 atque
1609 3450 1730 3502 pro-

712 3511 920 3577 batum;
935 3510 1224 3581 prasertim
1240 3510 1728 3580 septentrionalibus

716 3590 911 3656 Gallis,
931 3588 1134 3660 Belgis,
1160 3588 1395 3654 Nerviis,
1425 3602 1522 3642 etc.
1552 3607 1566 3642 :
1593 3608 1727 3660 prae-

712 3682 854 3722 terea
869 3706 886 3736 ,
915 3679 976 3720 ut
1003 3669 1067 3722 fit
1106 3669 1412 3740 plerumque
1460 3667 1527 3722 de
1571 3669 1729 3722 rebus

717 3768 747 3801 e
789 3749 1077 3819 longinquo
1122 3748 1286 3801 allatis
1318 3760 1407 3801 aut
1442 3766 1616 3820 nuper
1643 3749 1725 3801 in—

715 3829 885 3881 ventis
902 3864 918 3893 ,
948 3825 1106 3882 rudes
1134 3839 1283 3881 erant
1314 3828 1470 3899 hujus
1497 3828 1688 3898 lingua
1708 3866 1726 3894 ,

716 3909 863 3979 cujus
892 3907 1027 3959 forte
1054 3908 1143 3959 vix
1181 3919 1417 3961 sexcenta
1444 3908 1726 3973 vocabula,

717 3998 770 4038 et
803 3987 1024 4039 sormam
1053 3987 1408 4040 characterum
1441 3985 1725 4041 doctissimi

716 4077 956 4118 tenerent
983 4065 1039 4118 in
1079 4068 1330 4121 memoria
1361 4086 1374 4120 :
1408 4066 1549 4139 quod
1584 4078 1728 4139 patet

716 4161 779 4196 ex
823 4145 937 4215 ipso
967 4145 1198 4211 Caesare,
1229 4147 1406 4218 qui,l.
1431 4166 1496 4213 v,
1533 4166 1579 4200 c.
1620 4147 1723 4213 48,

713 4221 883 4293 legato
903 4242 998 4278 suo
1013 4224 1281 4302 epistolam
1298 4242 1460 4295 grace
1477 4225 1725 4296 scriptam

1821 1372 1996 1439 misit,
2019 1390 2089 1425 ne
2122 1390 2153 1425 a
2182 1370 2392 1425 Nerviis
2421 1370 2707 1441 intercepta
2736 1369 2839 1442 legi

1819 1464 2022 1522 posset;
2044 1463 2098 1504 et
2130 1470 2194 1504 ex
2234 1470 2299 1503 eo
2342 1449 2837 1503 commentariorum

1816 1531 1967 1597 loco,
1997 1532 2032 1583 1.
2067 1547 2121 1597 1,
2152 1549 2198 1583 c.
2240 1548 2341 1598 19,
2378 1530 2470 1582 ubi
2501 1530 2674 1581 emar
2716 1547 2836 1582 cum

1818 1610 2105 1675 Divitiaco,
2120 1610 2447 1663 nobilissimo
2464 1609 2608 1673 viro,
2622 1606 2837 1660 eodem-

1813 1707 1920 1760 que
1952 1688 2154 1742 Druida
2176 1683 2270 1751 (ut
2300 1688 2373 1741 ait
2414 1688 2525 1742 Cic.
2557 1685 2624 1740 de
2655 1686 2834 1740 Divin.

1816 1769 1853 1820 l.
1892 1787 1945 1833 1,
1987 1766 2212 1840 41)per
2252 1768 2592 1840 interpretem
2631 1766 2838 1821 locutus

1816 1842 2042 1912 dicitur3
2073 1845 2218 1919 quod
2245 1864 2460 1918 prorsus
2498 1846 2680 1898 fuisset
2715 1847 2837 1898 inu-

1817 1926 1909 1978 tile
1939 1924 2080 1997 apud
2108 1926 2381 1979 hominem
2406 1926 2561 1997 81·ωοί
2580 1926 2837 1979 sermonis

1815 2004 2063 2076 peritum.
2078 2007 2147 2057 At
2160 2005 2308 2058 aliter
2320 2022 2484 2076 grece
2494 2005 2641 2075 loqui
2650 2042 2668 2070 ,
2681 2005 2836 2058 aliter

1816 2103 2027 2135 exarare
2057 2084 2304 2136 formulas
2335 2097 2388 2136 et
2429 2101 2677 2136 numeros
2690 2122 2708 2150 ,
2745 2097 2837 2137 aut

1815 2160 2182 2235 inscriptiones
2194 2163 2525 2234 simplicioris
2537 2174 2590 2215 et
2600 2161 2836 2234 ejusdem

1807 2241 1925 2294 fere
1961 2260 2167 2315 semper
2194 2241 2316 2313 styli
2332 2280 2349 2307 ,
2385 2254 2475 2295 aut
2511 2242 2835 2296 characteres

1812 2320 2005 2393 linguae
2028 2324 2399 2393 cujuscumque
2419 2320 2700 2376 delineare.
2724 2323 2837 2374 Un-

1815 2398 1883 2452 de
1899 2419 1996 2453 nec
2014 2401 2114 2453 sibi
2132 2399 2444 2454 contradicit
2457 2401 2645 2466 Cesar,
2667 2419 2835 2473 quum

1814 2476 1882 2531 de
1912 2480 2101 2533 tabulis
2132 2480 2471 2533 rationalibus
2502 2498 2670 2550 graeco
2702 2478 2836 2534 idio-

1812 2570 1952 2613 mate
1980 2559 2217 2631 scriptis,
2240 2571 2294 2614 et
2321 2559 2424 2613 hoc
2453 2559 2571 2613 loco
2609 2561 2834 2650 repertis

1813 2636 1959 2692 dicit.
1992 2639 2117 2693 Haec
2152 2652 2324 2693 autem
2369 2638 2588 2703 addam,
2624 2639 2670 2691 si
2699 2640 2835 2693 mihi

1813 2719 2071 2789 conjicere
2115 2718 2312 2791 aliquid
2352 2718 2548 2772 liceat:
2582 2716 2834 2772 videntur

1813 2797 1953 2851 Galli
1973 2811 2172 2852 veteres
2192 2797 2370 2852 omnia
2386 2797 2650 2870 praeterita
2671 2798 2834 2864 sacta,

1813 2895 2097 2950 omnesque
2162 2877 2462 2950 disciplinas
2531 2878 2835 2932 memoriter

1813 2969 2017 3009 tantum
2069 2954 2311 3011 didicisse
2334 2995 2351 3023 ,
2386 2976 2484 3010 nec
2527 2958 2642 3010 ullo
2691 2958 2835 3011 libro

1813 3037 2035 3108 scripto,
2054 3054 2225 3108 neque
2245 3038 2355 3090 ullo
2380 3036 2707 3104 charactere,
2724 3039 2832 3091 nisi

1813 3109 2098 3169 admodum
2122 3115 2245 3169 rudi
2270 3128 2323 3169 et
2352 3116 2595 3181 informi,
2627 3118 2710 3169 usi
2735 3135 2834 3169 un-

1812 3214 1969 3266 quam
1999 3196 2187 3262 suisse,
2223 3208 2500 3267 antequam
2536 3195 2833 3250 Phocenses

1811 3274 2094 3328 Massiliam
2137 3273 2508 3328 condidissent.
2537 3275 2704 3327 Porro
2745 3294 2832 3328 se·

1812 3355 2092 3425 quentibus
2105 3355 2326 3421 saeculis,
2339 3355 2385 3407 si
2398 3355 2454 3407 in
2469 3354 2704 3407 formulis
2720 3355 2832 3425 pri·

1811 3434 1944 3487 vatis
1965 3445 2059 3485 aut
2082 3434 2305 3505 publicis
2330 3435 2627 3487 charactere
2650 3433 2831 3504 aliquo

1812 3513 1896 3564 vel
1918 3512 2168 3566 limatiori
2186 3514 2270 3566 vel
2300 3512 2610 3586 expeditiori
2632 3513 2711 3566 uti
2739 3532 2832 3566 ne-

1812 3610 1950 3645 cesse
1986 3590 2353 3663 judicaverunt
2369 3632 2387 3659 ,
2417 3612 2540 3646 eum
2582 3593 2831 3646 omnibus

1810 3671 2141 3742 potissimum
2191 3674 2446 3726 anteferre
2493 3672 2793 3727 debuerunt
2809 3711 2828 3738 ,

1811 3751 1904 3821 qui
1949 3751 2014 3803 ab
2049 3751 2227 3806 amicis
2256 3764 2308 3804 et
2337 3751 2522 3806 vicinis
2536 3791 2552 3818 ,
2590 3765 2648 3806 ut
2678 3765 2832 3809 erant

1811 3829 2155 3885 Massilienses
2164 3871 2181 3898 ,
2194 3832 2473 3885 offerretur
2488 3832 2628 3885 ultro
2637 3871 2654 3898 ,
2667 3850 2830 3903 quam

1812 3910 1878 3961 ab
1895 3910 2169 3977 Romanis,
2183 3911 2282 3964 sibi
2301 3910 2540 3968 hostibus
2557 3925 2611 3964 et
2627 3912 2826 3966 invisis.

1811 3989 1994 4060 Itaque
2013 3990 2174 4061 igitur
2194 3990 2297 4043 hoc
2319 3991 2436 4044 loco
2450 4029 2467 4056 ,
2490 3992 2725 4062 intelligo
2753 4003 2829 4043 ta-

1810 4068 1958 4123 bulas
1987 4071 2164 4141 graecis
2202 4082 2405 4122 tantum
2440 4071 2828 4124 characteribus

1811 4150 2094 4216 confectas,
2107 4169 2216 4202 non
2229 4161 2401 4202 autem
2414 4151 2593 4221 graneis
2608 4150 2827 4205 vocibus

1810 4246 2086 4299 expressas.
2110 4232 2353 4283 Attamen
2375 4248 2437 4284 ex
2467 4231 2696 4285 nummis
2717 4230 2827 4301 gal·
