<?xml version="1.0" encoding="UTF-8"?>
<!DOCTYPE html PUBLIC "-//W3C//DTD XHTML 1.0 Transitional//EN"
    "http://www.w3.org/TR/xhtml1/DTD/xhtml1-transitional.dtd">
<html xmlns="http://www.w3.org/1999/xhtml" xml:lang="en" lang="en">
 <head>
  <title>
</title>
<meta http-equiv="Content-Type" content="text/html;charset=utf-8" />
  <meta name='ocr-system' content='tesseract 3.04.00' />
  <meta name='ocr-capabilities' content='ocr_page ocr_carea ocr_par ocr_line ocrx_word'/>
</head>
<body>
  <div class='ocr_page' id='page_1' title='image "./caesaradbodices00caesgoog_0150.png"; bbox 0 0 3111 5147; ppageno 0'>
   <div class='ocr_carea' id='block_1_1' title="bbox 724 573 2547 647">
    <p class='ocr_par' dir='ltr' id='par_1_1' title="bbox 724 573 2547 647">
     <span class='ocr_line' id='line_1_1' title="bbox 724 573 2547 647; baseline -0.004 0"><span class='ocrx_word' id='word_1_1' title='bbox 724 578 864 647; x_wconf 84' lang='lat'>118</span> <span class='ocrx_word' id='word_1_2' title='bbox 999 578 1076 645; x_wconf 90' lang='lat' dir='ltr'>C.</span> <span class='ocrx_word' id='word_1_3' title='bbox 1130 576 1415 646; x_wconf 82' lang='lat' dir='ltr'>JULII</span> <span class='ocrx_word' id='word_1_4' title='bbox 1469 574 1943 645; x_wconf 86' lang='lat' dir='ltr'>CAESARIS</span> <span class='ocrx_word' id='word_1_5' title='bbox 1996 573 2547 643; x_wconf 87' lang='lat' dir='ltr'>COMMENT.</span> 
     </span>
    </p>
   </div>
   <div class='ocr_carea' id='block_1_2' title="bbox 710 703 2833 1018">
    <p class='ocr_par' dir='ltr' id='par_1_2' title="bbox 710 703 2832 1018">
     <span class='ocr_line' id='line_1_2' title="bbox 712 703 2831 801; baseline -0.003 -20"><span class='ocrx_word' id='word_1_6' title='bbox 712 724 943 781; x_wconf 88' lang='lat' dir='ltr'>senatu</span> <span class='ocrx_word' id='word_1_7' title='bbox 979 734 1099 779; x_wconf 90' lang='lat' dir='ltr'>suo</span> <span class='ocrx_word' id='word_1_8' title='bbox 1142 707 1522 796; x_wconf 79' lang='lat' dir='ltr'><strong>interfecte,</strong></span> <span class='ocrx_word' id='word_1_9' title='bbox 1551 706 1732 801; x_wconf 89' lang='lat' dir='ltr'>quod</span> <span class='ocrx_word' id='word_1_10' title='bbox 1772 706 2075 775; x_wconf 79' lang='lat' dir='ltr'>auctores</span> <span class='ocrx_word' id='word_1_11' title='bbox 2116 703 2269 775; x_wconf 87' lang='lat' dir='ltr'>belli</span> <span class='ocrx_word' id='word_1_12' title='bbox 2305 731 2450 776; x_wconf 79' lang='lat' dir='ltr'>esse</span> <span class='ocrx_word' id='word_1_13' title='bbox 2492 703 2831 797; x_wconf 78' lang='lat' dir='ltr'>nolebant,</span> 
     </span>
     <span class='ocr_line' id='line_1_3' title="bbox 711 813 2833 913; baseline -0.002 -27"><span class='ocrx_word' id='word_1_14' title='bbox 711 832 936 913; x_wconf 83' lang='lat' dir='ltr'>portas</span> <span class='ocrx_word' id='word_1_15' title='bbox 979 815 1387 903; x_wconf 84' lang='lat' dir='ltr'>clauserunt,</span> <span class='ocrx_word' id='word_1_16' title='bbox 1430 838 1629 909; x_wconf 81' lang='lat' dir='ltr'>seque</span> <span class='ocrx_word' id='word_1_17' title='bbox 1681 839 1836 882; x_wconf 90' lang='lat' dir='ltr'>cum</span> <span class='ocrx_word' id='word_1_18' title='bbox 1878 813 2255 885; x_wconf 80' lang='lat' dir='ltr'><strong>Viridovice</strong></span> <span class='ocrx_word' id='word_1_19' title='bbox 2299 813 2833 908; x_wconf 75' lang='lat' dir='ltr'>conjunxerunt3</span> 
     </span>
     <span class='ocr_line' id='line_1_4' title="bbox 710 918 2832 1018; baseline -0.002 -25"><span class='ocrx_word' id='word_1_20' title='bbox 710 947 1081 1018; x_wconf 77' lang='lat' dir='ltr'>magnaque</span> <span class='ocrx_word' id='word_1_21' title='bbox 1122 936 1439 1017; x_wconf 79' lang='lat' dir='ltr'>praeterea</span> <span class='ocrx_word' id='word_1_22' title='bbox 1478 919 1831 990; x_wconf 84' lang='lat' dir='ltr'>multitudo</span> <span class='ocrx_word' id='word_1_23' title='bbox 1874 920 2163 1014; x_wconf 88' lang='lat' dir='ltr'>undique</span> <span class='ocrx_word' id='word_1_24' title='bbox 2194 945 2276 988; x_wconf 83' lang='lat' dir='ltr'>ex</span> <span class='ocrx_word' id='word_1_25' title='bbox 2304 918 2516 990; x_wconf 84' lang='lat' dir='ltr'>Gallia</span> <span class='ocrx_word' id='word_1_26' title='bbox 2557 919 2832 1015; x_wconf 86' lang='lat' dir='ltr'>perdito-</span> 
     </span>
    </p>
   </div>
   <div class='ocr_carea' id='block_1_3' title="bbox 707 1013 2832 1229">
    <p class='ocr_par' dir='ltr' id='par_1_3' title="bbox 707 1013 2832 1229">
     <span class='ocr_line' id='line_1_5' title="bbox 707 1013 2832 1122; baseline -0.002 -23"><span class='ocrx_word' id='word_1_27' title='bbox 707 1055 861 1099; x_wconf 86' lang='lat' dir='ltr'>rum</span> <span class='ocrx_word' id='word_1_28' title='bbox 906 1030 1247 1098; x_wconf 88' lang='lat' dir='ltr'>hominum</span> <span class='ocrx_word' id='word_1_29' title='bbox 1292 1026 1753 1121; x_wconf 79' lang='lat' dir='ltr'>latronumque</span> <span class='ocrx_word' id='word_1_30' title='bbox 1781 1013 2262 1097; x_wconf 81' lang='lat' dir='ltr'>convenerant³</span> <span class='ocrx_word' id='word_1_31' title='bbox 2266 1080 2286 1115; x_wconf 88' lang='lat'>‚</span> <span class='ocrx_word' id='word_1_32' title='bbox 2309 1051 2474 1122; x_wconf 84' lang='lat' dir='ltr'>quos</span> <span class='ocrx_word' id='word_1_33' title='bbox 2501 1051 2652 1121; x_wconf 88' lang='lat' dir='ltr'>spes</span> <span class='ocrx_word' id='word_1_34' title='bbox 2677 1052 2832 1122; x_wconf 80' lang='lat' dir='ltr'>prae·</span> 
     </span>
     <span class='ocr_line' id='line_1_6' title="bbox 709 1132 2830 1229; baseline -0.001 -24"><span class='ocrx_word' id='word_1_35' title='bbox 709 1135 912 1205; x_wconf 81' lang='lat' dir='ltr'>dandi</span> <span class='ocrx_word' id='word_1_36' title='bbox 965 1134 1383 1227; x_wconf 82' lang='lat' dir='ltr'><strong>studiumque</strong></span> <span class='ocrx_word' id='word_1_37' title='bbox 1434 1132 1718 1203; x_wconf 86' lang='lat' dir='ltr'>bellandi</span> <span class='ocrx_word' id='word_1_38' title='bbox 1771 1134 1857 1202; x_wconf 82' lang='lat' dir='ltr'>ab</span> <span class='ocrx_word' id='word_1_39' title='bbox 1907 1133 2306 1229; x_wconf 84' lang='lat' dir='ltr'>agricultura</span> <span class='ocrx_word' id='word_1_40' title='bbox 2345 1148 2414 1202; x_wconf 88' lang='lat' dir='ltr'>et</span> <span class='ocrx_word' id='word_1_41' title='bbox 2453 1132 2830 1228; x_wconf 73' lang='lat' dir='ltr'>quotidiano</span> 
     </span>
    </p>
   </div>
   <div class='ocr_carea' id='block_1_4' title="bbox 704 1237 2836 3249">
    <p class='ocr_par' dir='ltr' id='par_1_4' title="bbox 704 1237 2836 3249">
     <span class='ocr_line' id='line_1_7' title="bbox 710 1237 2832 1311; baseline -0 0"><span class='ocrx_word' id='word_1_42' title='bbox 710 1241 936 1311; x_wconf 87' lang='lat' dir='ltr'>labore</span> <span class='ocrx_word' id='word_1_43' title='bbox 978 1239 1350 1310; x_wconf 82' lang='lat' dir='ltr'>revocabat.</span> <span class='ocrx_word' id='word_1_44' title='bbox 1384 1239 1663 1309; x_wconf 81' lang='lat' dir='ltr'>Sabinus</span> <span class='ocrx_word' id='word_1_45' title='bbox 1693 1239 1932 1309; x_wconf 87' lang='lat' dir='ltr'>idoneo</span> <span class='ocrx_word' id='word_1_46' title='bbox 1959 1241 2266 1310; x_wconf 82' lang='lat' dir='ltr'>omnibus</span> <span class='ocrx_word' id='word_1_47' title='bbox 2291 1238 2489 1309; x_wconf 84' lang='lat' dir='ltr'>rebus</span> <span class='ocrx_word' id='word_1_48' title='bbox 2523 1237 2673 1309; x_wconf 88' lang='lat' dir='ltr'>looo</span> <span class='ocrx_word' id='word_1_49' title='bbox 2701 1264 2832 1310; x_wconf 86' lang='lat' dir='ltr'>cas-</span> 
     </span>
     <span class='ocr_line' id='line_1_8' title="bbox 709 1333 2831 1440; baseline -0.001 -24"><span class='ocrx_word' id='word_1_50' title='bbox 709 1349 831 1416; x_wconf 86' lang='lat' dir='ltr'>tris</span> <span class='ocrx_word' id='word_1_51' title='bbox 901 1371 1043 1416; x_wconf 87' lang='lat' dir='ltr'>sese</span> <span class='ocrx_word' id='word_1_52' title='bbox 1094 1345 1361 1415; x_wconf 86' lang='lat' dir='ltr'>tenebat</span> <span class='ocrx_word' id='word_1_53' title='bbox 1380 1399 1400 1434; x_wconf 87' lang='lat'>,</span> <span class='ocrx_word' id='word_1_54' title='bbox 1437 1371 1644 1440; x_wconf 88' lang='lat' dir='ltr'>quum</span> <span class='ocrx_word' id='word_1_55' title='bbox 1686 1346 2030 1415; x_wconf 80' lang='lat' dir='ltr'>Viridovix</span> <span class='ocrx_word' id='word_1_56' title='bbox 2083 1361 2315 1415; x_wconf 87' lang='lat' dir='ltr'>contra</span> <span class='ocrx_word' id='word_1_57' title='bbox 2368 1371 2519 1415; x_wconf 90' lang='lat' dir='ltr'>eum</span> <span class='ocrx_word' id='word_1_58' title='bbox 2574 1333 2831 1415; x_wconf 71' lang='lat' dir='ltr'>duum‘</span> 
     </span>
     <span class='ocr_line' id='line_1_9' title="bbox 712 1451 2831 1548; baseline 0 -26"><span class='ocrx_word' id='word_1_59' title='bbox 712 1452 987 1523; x_wconf 88' lang='lat' dir='ltr'>millium</span> <span class='ocrx_word' id='word_1_60' title='bbox 1043 1454 1254 1548; x_wconf 84' lang='lat' dir='ltr'>spatio</span> <span class='ocrx_word' id='word_1_61' title='bbox 1296 1451 1695 1521; x_wconf 80' lang='lat' dir='ltr'>consedisset</span> <span class='ocrx_word' id='word_1_62' title='bbox 1712 1506 1733 1541; x_wconf 88' lang='lat'>,</span> <span class='ocrx_word' id='word_1_63' title='bbox 1774 1453 2192 1548; x_wconf 75' lang='lat' dir='ltr'>quotidieque</span> <span class='ocrx_word' id='word_1_64' title='bbox 2250 1452 2590 1548; x_wconf 83' lang='lat' dir='ltr'>productis</span> <span class='ocrx_word' id='word_1_65' title='bbox 2631 1454 2831 1548; x_wconf 85' lang='lat' dir='ltr'>copiis</span> 
     </span>
     <span class='ocr_line' id='line_1_10' title="bbox 711 1558 2831 1655; baseline 0 -27"><span class='ocrx_word' id='word_1_66' title='bbox 711 1559 1050 1655; x_wconf 86' lang='lat' dir='ltr'>pugnandi</span> <span class='ocrx_word' id='word_1_67' title='bbox 1093 1573 1484 1654; x_wconf 84' lang='lat' dir='ltr'>potestatem</span> <span class='ocrx_word' id='word_1_68' title='bbox 1521 1558 1799 1648; x_wconf 84' lang='lat' dir='ltr'>faceret,</span> <span class='ocrx_word' id='word_1_69' title='bbox 1829 1574 1904 1628; x_wconf 85' lang='lat' dir='ltr'>ut</span> <span class='ocrx_word' id='word_1_70' title='bbox 1937 1560 2076 1653; x_wconf 89' lang='lat' dir='ltr'>jam</span> <span class='ocrx_word' id='word_1_71' title='bbox 2119 1583 2256 1627; x_wconf 88' lang='lat' dir='ltr'>non</span> <span class='ocrx_word' id='word_1_72' title='bbox 2288 1559 2500 1628; x_wconf 84' lang='lat' dir='ltr'>solum</span> <span class='ocrx_word' id='word_1_73' title='bbox 2535 1559 2831 1629; x_wconf 78' lang='lat' dir='ltr'>hostibus</span> 
     </span>
     <span class='ocr_line' id='line_1_11' title="bbox 712 1664 2829 1762; baseline -0 -27"><span class='ocrx_word' id='word_1_74' title='bbox 712 1667 781 1735; x_wconf 89' lang='lat' dir='ltr'>in</span> <span class='ocrx_word' id='word_1_75' title='bbox 824 1668 1383 1762; x_wconf 71' lang='lat' dir='ltr'>contemptionem</span> <span class='ocrx_word' id='word_1_76' title='bbox 1424 1664 1708 1732; x_wconf 88' lang='lat' dir='ltr'>Sabinus</span> <span class='ocrx_word' id='word_1_77' title='bbox 1750 1667 2035 1753; x_wconf 86' lang='lat' dir='ltr'>veniret,</span> <span class='ocrx_word' id='word_1_78' title='bbox 2063 1664 2178 1735; x_wconf 91' lang='lat' dir='ltr'>sed</span> <span class='ocrx_word' id='word_1_79' title='bbox 2218 1666 2412 1735; x_wconf 80' lang='lat' dir='ltr'>etiam</span> <span class='ocrx_word' id='word_1_80' title='bbox 2457 1680 2829 1735; x_wconf 85' lang='lat' dir='ltr'>nostrorum</span> 
     </span>
     <span class='ocr_line' id='line_1_12' title="bbox 712 1768 2831 1868; baseline 0 -27"><span class='ocrx_word' id='word_1_81' title='bbox 712 1772 994 1841; x_wconf 88' lang='lat' dir='ltr'>militum</span> <span class='ocrx_word' id='word_1_82' title='bbox 1036 1772 1309 1842; x_wconf 83' lang='lat' dir='ltr'>vocibus</span> <span class='ocrx_word' id='word_1_83' title='bbox 1342 1796 1478 1839; x_wconf 90' lang='lat' dir='ltr'>non</span> <span class='ocrx_word' id='word_1_84' title='bbox 1519 1768 1682 1841; x_wconf 89' lang='lat' dir='ltr'>nihil</span> <span class='ocrx_word' id='word_1_85' title='bbox 1724 1787 2107 1867; x_wconf 86' lang='lat' dir='ltr'>carperetur</span> <span class='ocrx_word' id='word_1_86' title='bbox 2137 1796 2152 1840; x_wconf 72' lang='grc' dir='ltr'>ε</span> <span class='ocrx_word' id='word_1_87' title='bbox 2183 1786 2564 1868; x_wconf 78' lang='lat' dir='ltr'>tantamque</span> <span class='ocrx_word' id='word_1_88' title='bbox 2592 1773 2831 1867; x_wconf 80' lang='lat' dir='ltr'>opinio-</span> 
     </span>
     <span class='ocr_line' id='line_1_13' title="bbox 711 1876 2831 1972; baseline 0.001 -25"><span class='ocrx_word' id='word_1_89' title='bbox 711 1903 867 1947; x_wconf 89' lang='lat' dir='ltr'>nem</span> <span class='ocrx_word' id='word_1_90' title='bbox 910 1880 1163 1947; x_wconf 87' lang='lat' dir='ltr'>timoris</span> <span class='ocrx_word' id='word_1_91' title='bbox 1196 1877 1507 1972; x_wconf 79' lang='lat' dir='ltr'>praebuit‚</span> <span class='ocrx_word' id='word_1_92' title='bbox 1535 1890 1614 1945; x_wconf 90' lang='lat' dir='ltr'>ut</span> <span class='ocrx_word' id='word_1_93' title='bbox 1646 1877 1782 1970; x_wconf 80' lang='lat' dir='ltr'>jam</span> <span class='ocrx_word' id='word_1_94' title='bbox 1814 1877 1898 1947; x_wconf 87' lang='lat' dir='ltr'>ad</span> <span class='ocrx_word' id='word_1_95' title='bbox 1926 1876 2172 1947; x_wconf 84' lang='lat' dir='ltr'>vallum</span> <span class='ocrx_word' id='word_1_96' title='bbox 2208 1894 2575 1949; x_wconf 82' lang='lat' dir='ltr'>castrorum</span> <span class='ocrx_word' id='word_1_97' title='bbox 2613 1879 2831 1949; x_wconf 86' lang='lat' dir='ltr'>hostes</span> 
     </span>
     <span class='ocr_line' id='line_1_14' title="bbox 712 1982 2831 2116; baseline 0.002 -65"><span class='ocrx_word' id='word_1_98' title='bbox 712 1984 1027 2053; x_wconf 76' lang='lat' dir='ltr'><strong>accedere</strong></span> <span class='ocrx_word' id='word_1_99' title='bbox 1081 1983 1418 2052; x_wconf 85' lang='lat' dir='ltr'>auderent.</span> <span class='ocrx_word' id='word_1_100' title='bbox 1474 1982 1555 2051; x_wconf 92' lang='lat' dir='ltr'>Id</span> <span class='ocrx_word' id='word_1_101' title='bbox 1610 2006 1687 2053; x_wconf 81' lang='lat' dir='ltr'>ea</span> <span class='ocrx_word' id='word_1_102' title='bbox 1739 1983 1822 2052; x_wconf 91' lang='lat' dir='ltr'>de</span> <span class='ocrx_word' id='word_1_103' title='bbox 1876 2008 2074 2053; x_wconf 84' lang='lat' dir='ltr'>causa</span> <span class='ocrx_word' id='word_1_104' title='bbox 2113 1985 2426 2074; x_wconf 71' lang='lat' dir='ltr'>faciebat,</span> <span class='ocrx_word' id='word_1_105' title='bbox 2460 1984 2673 2116; x_wconf 88' lang='lat' dir='ltr'>quod</span> <span class='ocrx_word' id='word_1_106' title='bbox 2681 2010 2831 2057; x_wconf 89' lang='lat' dir='ltr'>cum</span> 
     </span>
     <span class='ocr_line' id='line_1_15' title="bbox 710 2077 2832 2187; baseline 0.001 -29"><span class='ocrx_word' id='word_1_107' title='bbox 710 2103 895 2158; x_wconf 81' lang='lat' dir='ltr'>tanta</span> <span class='ocrx_word' id='word_1_108' title='bbox 949 2087 1368 2159; x_wconf 84' lang='lat' dir='ltr'>multitudine</span> <span class='ocrx_word' id='word_1_109' title='bbox 1424 2089 1712 2159; x_wconf 76' lang='lat' dir='ltr'>hostium</span> <span class='ocrx_word' id='word_1_110' title='bbox 1739 2093 2158 2186; x_wconf 76' lang='lat' dir='ltr'>‚praesertim</span> <span class='ocrx_word' id='word_1_111' title='bbox 2221 2114 2303 2161; x_wconf 81' lang='lat' dir='ltr'>eo</span> <span class='ocrx_word' id='word_1_112' title='bbox 2358 2077 2673 2160; x_wconf 65' lang='lat' dir='ltr'>absente5</span> <span class='ocrx_word' id='word_1_113' title='bbox 2679 2145 2698 2179; x_wconf 88' lang='lat'>,</span> <span class='ocrx_word' id='word_1_114' title='bbox 2723 2094 2832 2187; x_wconf 85' lang='lat' dir='ltr'>qui</span> 
     </span>
     <span class='ocr_line' id='line_1_16' title="bbox 712 2183 2833 2294; baseline 0 -28"><span class='ocrx_word' id='word_1_115' title='bbox 712 2221 1039 2266; x_wconf 85' lang='lat' dir='ltr'>summam</span> <span class='ocrx_word' id='word_1_116' title='bbox 1066 2197 1321 2292; x_wconf 87' lang='lat' dir='ltr'>imperii</span> <span class='ocrx_word' id='word_1_117' title='bbox 1363 2210 1649 2286; x_wconf 87' lang='lat' dir='ltr'>teneret,</span> <span class='ocrx_word' id='word_1_118' title='bbox 1681 2198 1804 2266; x_wconf 82' lang='lat' dir='ltr'>nisi</span> <span class='ocrx_word' id='word_1_119' title='bbox 1843 2220 2031 2292; x_wconf 79' lang='lat' dir='ltr'>aequo</span> <span class='ocrx_word' id='word_1_120' title='bbox 2066 2183 2261 2268; x_wconf 77' lang='lat' dir='ltr'>loco⁶</span> <span class='ocrx_word' id='word_1_121' title='bbox 2278 2213 2437 2285; x_wconf 81' lang='lat' dir='ltr'>‚aut</span> <span class='ocrx_word' id='word_1_122' title='bbox 2456 2199 2833 2294; x_wconf 84' lang='lat' dir='ltr'>opportuni-</span> 
     </span>
     <span class='ocr_line' id='line_1_17' title="bbox 708 2301 2725 2398; baseline 0 -26"><span class='ocrx_word' id='word_1_123' title='bbox 708 2316 844 2373; x_wconf 86' lang='lat' dir='ltr'>tate</span> <span class='ocrx_word' id='word_1_124' title='bbox 885 2303 1101 2398; x_wconf 88' lang='lat' dir='ltr'>aliqua</span> <span class='ocrx_word' id='word_1_125' title='bbox 1142 2304 1293 2372; x_wconf 85' lang='lat' dir='ltr'>data</span> <span class='ocrx_word' id='word_1_126' title='bbox 1308 2306 1607 2398; x_wconf 84' lang='lat' dir='ltr'>‚Legato</span> <span class='ocrx_word' id='word_1_127' title='bbox 1639 2301 2082 2374; x_wconf 89' lang='lat' dir='ltr'>dimicandum</span> <span class='ocrx_word' id='word_1_128' title='bbox 2123 2329 2259 2373; x_wconf 90' lang='lat' dir='ltr'>non</span> <span class='ocrx_word' id='word_1_129' title='bbox 2300 2304 2725 2375; x_wconf 80' lang='lat' dir='ltr'>existimabat.</span> 
     </span>
     <span class='ocr_line' id='line_1_18' title="bbox 834 2408 2830 2506; baseline 0.001 -27"><span class='ocrx_word' id='word_1_130' title='bbox 834 2412 1092 2479; x_wconf 90' lang='lat' dir='ltr'>XVIII.</span> <span class='ocrx_word' id='word_1_131' title='bbox 1154 2413 1297 2479; x_wconf 86' lang='lat' dir='ltr'>Hac</span> <span class='ocrx_word' id='word_1_132' title='bbox 1364 2408 1752 2479; x_wconf 85' lang='lat' dir='ltr'>confirmata</span> <span class='ocrx_word' id='word_1_133' title='bbox 1812 2411 2121 2506; x_wconf 89' lang='lat' dir='ltr'>opinione</span> <span class='ocrx_word' id='word_1_134' title='bbox 2188 2410 2440 2479; x_wconf 83' lang='lat' dir='ltr'>timoris</span> <span class='ocrx_word' id='word_1_135' title='bbox 2462 2464 2483 2499; x_wconf 88' lang='lat'>‚</span> <span class='ocrx_word' id='word_1_136' title='bbox 2527 2409 2830 2480; x_wconf 89' lang='lat' dir='ltr'>idoneum</span> 
     </span>
     <span class='ocr_line' id='line_1_19' title="bbox 707 2515 2832 2613; baseline 0.001 -28"><span class='ocrx_word' id='word_1_137' title='bbox 707 2515 1059 2610; x_wconf 82' lang='lat' dir='ltr'>quemdam</span> <span class='ocrx_word' id='word_1_138' title='bbox 1112 2515 1450 2588; x_wconf 88' lang='lat' dir='ltr'>hominem</span> <span class='ocrx_word' id='word_1_139' title='bbox 1499 2531 1569 2585; x_wconf 83' lang='lat' dir='ltr'>et</span> <span class='ocrx_word' id='word_1_140' title='bbox 1608 2515 1914 2589; x_wconf 85' lang='lat' dir='ltr'>callidum</span> <span class='ocrx_word' id='word_1_141' title='bbox 1953 2516 2195 2613; x_wconf 86' lang='lat' dir='ltr'>delegit</span> <span class='ocrx_word' id='word_1_142' title='bbox 2211 2570 2232 2606; x_wconf 89' lang='lat'>‚</span> <span class='ocrx_word' id='word_1_143' title='bbox 2261 2515 2562 2606; x_wconf 85' lang='lat' dir='ltr'>Gallum,</span> <span class='ocrx_word' id='word_1_144' title='bbox 2611 2542 2692 2588; x_wconf 83' lang='lat' dir='ltr'>ex</span> <span class='ocrx_word' id='word_1_145' title='bbox 2731 2518 2832 2588; x_wconf 79' lang='lat' dir='ltr'>his</span> 
     </span>
     <span class='ocr_line' id='line_1_20' title="bbox 708 2621 2832 2719; baseline 0.002 -29"><span class='ocrx_word' id='word_1_146' title='bbox 708 2647 876 2716; x_wconf 90' lang='lat' dir='ltr'>quos</span> <span class='ocrx_word' id='word_1_147' title='bbox 916 2621 1135 2690; x_wconf 78' lang='lat' dir='ltr'>auxilii</span> <span class='ocrx_word' id='word_1_148' title='bbox 1177 2645 1375 2691; x_wconf 86' lang='lat' dir='ltr'>causa</span> <span class='ocrx_word' id='word_1_149' title='bbox 1420 2648 1644 2692; x_wconf 89' lang='lat' dir='ltr'>secum</span> <span class='ocrx_word' id='word_1_150' title='bbox 1685 2623 1986 2694; x_wconf 83' lang='lat' dir='ltr'>habebat.</span> <span class='ocrx_word' id='word_1_151' title='bbox 2034 2626 2206 2695; x_wconf 84' lang='lat' dir='ltr'>Huic</span> <span class='ocrx_word' id='word_1_152' title='bbox 2253 2626 2508 2719; x_wconf 82' lang='lat' dir='ltr'>magnis</span> <span class='ocrx_word' id='word_1_153' title='bbox 2550 2627 2832 2719; x_wconf 78' lang='lat' dir='ltr'>praemiis</span> 
     </span>
     <span class='ocr_line' id='line_1_21' title="bbox 707 2726 2833 2825; baseline 0.001 -29"><span class='ocrx_word' id='word_1_154' title='bbox 707 2726 1412 2823; x_wconf 83' lang='lat' dir='ltr'>pollicitationibusque</span> <span class='ocrx_word' id='word_1_155' title='bbox 1452 2727 1804 2825; x_wconf 83' lang='lat' dir='ltr'>persuadet</span> <span class='ocrx_word' id='word_1_156' title='bbox 1823 2784 1843 2820; x_wconf 87' lang='lat'>,</span> <span class='ocrx_word' id='word_1_157' title='bbox 1880 2733 1974 2799; x_wconf 88' lang='lat' dir='ltr'>uti</span> <span class='ocrx_word' id='word_1_158' title='bbox 2017 2730 2101 2800; x_wconf 92' lang='lat' dir='ltr'>ad</span> <span class='ocrx_word' id='word_1_159' title='bbox 2144 2731 2366 2801; x_wconf 85' lang='lat' dir='ltr'>hostes</span> <span class='ocrx_word' id='word_1_160' title='bbox 2393 2745 2711 2820; x_wconf 81' lang='lat' dir='ltr'>transeat3</span> <span class='ocrx_word' id='word_1_161' title='bbox 2735 2744 2833 2818; x_wconf 85' lang='lat' dir='ltr'>et,</span> 
     </span>
     <span class='ocr_line' id='line_1_22' title="bbox 709 2832 2833 2932; baseline 0.002 -30"><span class='ocrx_word' id='word_1_162' title='bbox 709 2833 869 2928; x_wconf 91' lang='lat' dir='ltr'>quid</span> <span class='ocrx_word' id='word_1_163' title='bbox 912 2832 1055 2904; x_wconf 87' lang='lat' dir='ltr'>fieri</span> <span class='ocrx_word' id='word_1_164' title='bbox 1091 2833 1250 2903; x_wconf 84' lang='lat' dir='ltr'>velit</span> <span class='ocrx_word' id='word_1_165' title='bbox 1269 2832 1286 2857; x_wconf 85' lang='lat'>¹</span> <span class='ocrx_word' id='word_1_166' title='bbox 1305 2888 1324 2922; x_wconf 89' lang='lat'>,</span> <span class='ocrx_word' id='word_1_167' title='bbox 1352 2834 1602 2907; x_wconf 88' lang='lat' dir='ltr'>edocet.</span> <span class='ocrx_word' id='word_1_168' title='bbox 1641 2838 1810 2925; x_wconf 87' lang='lat' dir='ltr'>Qui,</span> <span class='ocrx_word' id='word_1_169' title='bbox 1836 2837 1951 2907; x_wconf 79' lang='lat' dir='ltr'>ubi</span> <span class='ocrx_word' id='word_1_170' title='bbox 1979 2861 2103 2931; x_wconf 91' lang='lat' dir='ltr'>pro</span> <span class='ocrx_word' id='word_1_171' title='bbox 2142 2837 2419 2932; x_wconf 80' lang='lat' dir='ltr'>perfuga</span> <span class='ocrx_word' id='word_1_172' title='bbox 2461 2837 2548 2907; x_wconf 84' lang='lat' dir='ltr'>ad</span> <span class='ocrx_word' id='word_1_173' title='bbox 2583 2862 2700 2907; x_wconf 86' lang='lat' dir='ltr'>eos</span> <span class='ocrx_word' id='word_1_174' title='bbox 2720 2862 2833 2907; x_wconf 85' lang='lat' dir='ltr'>ve-</span> 
     </span>
     <span class='ocr_line' id='line_1_23' title="bbox 708 2942 2835 3038; baseline 0.002 -30"><span class='ocrx_word' id='word_1_175' title='bbox 708 2942 809 3008; x_wconf 89' lang='lat' dir='ltr'>nit</span> <span class='ocrx_word' id='word_1_176' title='bbox 829 2993 848 3028; x_wconf 88' lang='lat'>‚</span> <span class='ocrx_word' id='word_1_177' title='bbox 880 2943 1184 3011; x_wconf 85' lang='lat' dir='ltr'>timorem</span> <span class='ocrx_word' id='word_1_178' title='bbox 1241 2943 1696 3011; x_wconf 82' lang='lat' dir='ltr'>Romanorum</span> <span class='ocrx_word' id='word_1_179' title='bbox 1754 2945 2107 3038; x_wconf 85' lang='lat' dir='ltr'>proponit:</span> <span class='ocrx_word' id='word_1_180' title='bbox 2148 2972 2184 3008; x_wconf 71' lang='grc' dir='ltr'>ι(</span> <span class='ocrx_word' id='word_1_181' title='bbox 2230 2943 2466 3037; x_wconf 88' lang='lat' dir='ltr'>quibus</span> <span class='ocrx_word' id='word_1_182' title='bbox 2519 2944 2835 3038; x_wconf 82' lang='lat' dir='ltr'>angustiis</span> 
     </span>
     <span class='ocr_line' id='line_1_24' title="bbox 704 3048 2834 3146; baseline 0.002 -32"><span class='ocrx_word' id='word_1_183' title='bbox 704 3048 847 3141; x_wconf 84' lang='lat' dir='ltr'>ipse</span> <span class='ocrx_word' id='word_1_184' title='bbox 881 3049 1102 3117; x_wconf 85' lang='lat' dir='ltr'>Caesar</span> <span class='ocrx_word' id='word_1_185' title='bbox 1130 3071 1169 3116; x_wconf 88' lang='lat' dir='ltr'>a</span> <span class='ocrx_word' id='word_1_186' title='bbox 1192 3049 1465 3118; x_wconf 87' lang='lat' dir='ltr'>Venetis</span> <span class='ocrx_word' id='word_1_187' title='bbox 1506 3064 1876 3146; x_wconf 87' lang='lat' dir='ltr'>prematur,</span> <span class='ocrx_word' id='word_1_188' title='bbox 1913 3080 1947 3115; x_wconf 74' lang='lat'>&gt;2</span> <span class='ocrx_word' id='word_1_189' title='bbox 1983 3048 2177 3119; x_wconf 88' lang='lat' dir='ltr'>docet</span> <span class='ocrx_word' id='word_1_190' title='bbox 2205 3075 2221 3117; x_wconf 73' lang='grc' dir='ltr'><strong><em>ε</em></strong></span> <span class='ocrx_word' id='word_1_191' title='bbox 2263 3079 2298 3114; x_wconf 75' lang='lat' dir='ltr'>&lt;t</span> <span class='ocrx_word' id='word_1_192' title='bbox 2334 3074 2545 3144; x_wconf 89' lang='lat' dir='ltr'>neque</span> <span class='ocrx_word' id='word_1_193' title='bbox 2575 3048 2834 3144; x_wconf 82' lang='lat' dir='ltr'>longius</span> 
     </span>
     <span class='ocr_line' id='line_1_25' title="bbox 708 3153 2836 3249; baseline 0.002 -28"><span class='ocrx_word' id='word_1_194' title='bbox 708 3153 967 3241; x_wconf 85' lang='lat' dir='ltr'>abesse,</span> <span class='ocrx_word' id='word_1_195' title='bbox 996 3155 1155 3248; x_wconf 92' lang='lat' dir='ltr'>quin</span> <span class='ocrx_word' id='word_1_196' title='bbox 1196 3157 1498 3249; x_wconf 81' lang='lat' dir='ltr'>proxima</span> <span class='ocrx_word' id='word_1_197' title='bbox 1540 3170 1735 3226; x_wconf 89' lang='lat' dir='ltr'>nocte</span> <span class='ocrx_word' id='word_1_198' title='bbox 1778 3156 2056 3225; x_wconf 88' lang='lat' dir='ltr'>Sabinus</span> <span class='ocrx_word' id='word_1_199' title='bbox 2091 3155 2260 3226; x_wconf 84' lang='lat' dir='ltr'>clam</span> <span class='ocrx_word' id='word_1_200' title='bbox 2294 3180 2373 3224; x_wconf 83' lang='lat' dir='ltr'>ex</span> <span class='ocrx_word' id='word_1_201' title='bbox 2399 3157 2630 3226; x_wconf 87' lang='lat' dir='ltr'>castris</span> <span class='ocrx_word' id='word_1_202' title='bbox 2658 3181 2836 3226; x_wconf 84' lang='lat' dir='ltr'>exer-</span> 
     </span>
    </p>
   </div>
   <div class='ocr_carea' id='block_1_5' title="bbox 706 3370 2840 4318">
    <p class='ocr_par' dir='ltr' id='par_1_5' title="bbox 711 3370 2836 3523">
     <span class='ocr_line' id='line_1_26' title="bbox 796 3370 2830 3442; baseline 0 -18"><span class='ocrx_word' id='word_1_203' title='bbox 796 3371 846 3425; x_wconf 85' lang='lat'>3.</span> <span class='ocrx_word' id='word_1_204' title='bbox 889 3371 1230 3424; x_wconf 70' lang='lat' dir='ltr'>Convenerunt.</span> <span class='ocrx_word' id='word_1_205' title='bbox 1261 3371 1402 3437; x_wconf 80' lang='lat' dir='ltr'>Alii,</span> <span class='ocrx_word' id='word_1_206' title='bbox 1430 3383 1724 3426; x_wconf 58' lang='lat' dir='ltr'>contenet-at.</span> <span class='ocrx_word' id='word_1_207' title='bbox 1812 3371 1986 3424; x_wconf 84' lang='lat' dir='ltr'>sinum</span> <span class='ocrx_word' id='word_1_208' title='bbox 2010 3384 2064 3424; x_wconf 82' lang='lat' dir='ltr'>et</span> <span class='ocrx_word' id='word_1_209' title='bbox 2083 3371 2423 3425; x_wconf 73' lang='lat' dir='ltr'>Ciacoonium</span> <span class='ocrx_word' id='word_1_210' title='bbox 2445 3370 2632 3442; x_wconf 80' lang='lat' dir='ltr'>ejicere</span> <span class='ocrx_word' id='word_1_211' title='bbox 2648 3390 2830 3425; x_wconf 81' lang='lat' dir='ltr'>vocem</span> 
     </span>
     <span class='ocr_line' id='line_1_27' title="bbox 711 3447 2836 3523; baseline 0.001 -21"><span class='ocrx_word' id='word_1_212' title='bbox 711 3449 896 3504; x_wconf 80' lang='lat' dir='ltr'>Nostri</span> <span class='ocrx_word' id='word_1_213' title='bbox 925 3467 1136 3522; x_wconf 86' lang='lat' dir='ltr'>quoque</span> <span class='ocrx_word' id='word_1_214' title='bbox 1166 3447 1323 3503; x_wconf 88' lang='lat' dir='ltr'>codd.</span> <span class='ocrx_word' id='word_1_215' title='bbox 1353 3463 1643 3502; x_wconf 75' lang='lat' dir='ltr'>convenerat.</span> <span class='ocrx_word' id='word_1_216' title='bbox 1810 3450 1951 3503; x_wconf 77' lang='lat' dir='ltr'>hanc</span> <span class='ocrx_word' id='word_1_217' title='bbox 1979 3451 2378 3504; x_wconf 50' lang='lat' dir='ltr'>voluisse-Nos&amp;</span> <span class='ocrx_word' id='word_1_218' title='bbox 2405 3451 2486 3503; x_wconf 87' lang='lat' dir='ltr'>Ita</span> <span class='ocrx_word' id='word_1_219' title='bbox 2515 3469 2728 3523; x_wconf 80' lang='lat' dir='ltr'>quoque</span> <span class='ocrx_word' id='word_1_220' title='bbox 2755 3451 2836 3504; x_wconf 83' lang='lat' dir='ltr'>le·</span> 
     </span>
    </p>

    <p class='ocr_par' dir='ltr' id='par_1_6' title="bbox 708 3529 2833 3672">
     <span class='ocr_line' id='line_1_28' title="bbox 792 3529 2833 3603; baseline 0.002 -22"><span class='ocrx_word' id='word_1_221' title='bbox 792 3536 844 3594; x_wconf 74' lang='grc'>4.</span> <span class='ocrx_word' id='word_1_222' title='bbox 878 3530 1057 3583; x_wconf 83' lang='lat' dir='ltr'>Duum.</span> <span class='ocrx_word' id='word_1_223' title='bbox 1088 3530 1348 3583; x_wconf 86' lang='lat' dir='ltr'>Duorum.</span> <span class='ocrx_word' id='word_1_224' title='bbox 1368 3529 1536 3582; x_wconf 71' lang='lat' dir='ltr'>Vetus</span> <span class='ocrx_word' id='word_1_225' title='bbox 1560 3531 1725 3602; x_wconf 80' lang='lat' dir='ltr'>scrip-</span> <span class='ocrx_word' id='word_1_226' title='bbox 1810 3530 1951 3601; x_wconf 79' lang='lat' dir='ltr'>gitur</span> <span class='ocrx_word' id='word_1_227' title='bbox 1969 3529 2110 3603; x_wconf 81' lang='lat' dir='ltr'>apud</span> <span class='ocrx_word' id='word_1_228' title='bbox 2135 3529 2290 3584; x_wconf 85' lang='lat' dir='ltr'>codd.</span> <span class='ocrx_word' id='word_1_229' title='bbox 2306 3531 2833 3603; x_wconf 64' lang='lat' dir='ltr'>nosuvsregg.5763</span> 
     </span>
     <span class='ocr_line' id='line_1_29' title="bbox 708 3610 2066 3672; baseline 0 -10"><span class='ocrx_word' id='word_1_230' title='bbox 708 3623 845 3664; x_wconf 81' lang='lat' dir='ltr'>tura.</span> <span class='ocrx_word' id='word_1_231' title='bbox 1812 3622 1865 3662; x_wconf 85' lang='lat' dir='ltr'>et</span> <span class='ocrx_word' id='word_1_232' title='bbox 1898 3610 1927 3662; x_wconf 85' lang='lat'><em>5</em></span> <span class='ocrx_word' id='word_1_233' title='bbox 1974 3613 2066 3672; x_wconf 73' lang='lat'>64.</span> 
     </span>
    </p>

    <p class='ocr_par' dir='ltr' id='par_1_7' title="bbox 706 3629 2840 4318">
     <span class='ocr_line' id='line_1_30' title="bbox 795 3629 2837 3762; baseline 0 -20"><span class='ocrx_word' id='word_1_234' title='bbox 795 3691 844 3743; x_wconf 83' lang='lat'>5.</span> <span class='ocrx_word' id='word_1_235' title='bbox 877 3689 961 3741; x_wconf 85' lang='lat' dir='ltr'>Eo</span> <span class='ocrx_word' id='word_1_236' title='bbox 990 3687 1215 3741; x_wconf 79' lang='lat' dir='ltr'>absente..</span> <span class='ocrx_word' id='word_1_237' title='bbox 1222 3688 1515 3759; x_wconf 45' lang='lat' dir='ltr'>..uslegato</span> <span class='ocrx_word' id='word_1_238' title='bbox 1489 3700 1578 3739; x_wconf 82' lang='lat' dir='ltr'>e.tc</span> <span class='ocrx_word' id='word_1_239' title='bbox 1603 3690 1726 3742; x_wconf 85' lang='lat' dir='ltr'>Vox</span> <span class='ocrx_word' id='word_1_240' title='bbox 1893 3629 2072 3742; x_wconf 75' lang='lat' dir='ltr'>6.7Na&#39;si</span> <span class='ocrx_word' id='word_1_241' title='bbox 2083 3710 2219 3762; x_wconf 82' lang='lat' dir='ltr'>oequo</span> <span class='ocrx_word' id='word_1_242' title='bbox 2232 3690 2351 3743; x_wconf 79' lang='lat' dir='ltr'>loco.</span> <span class='ocrx_word' id='word_1_243' title='bbox 2369 3689 2646 3762; x_wconf 81' lang='lat' dir='ltr'>Eleganter</span> <span class='ocrx_word' id='word_1_244' title='bbox 2659 3689 2837 3744; x_wconf 58' lang='grc' dir='ltr'>(ἔτεσί</span> 
     </span>
     <span class='ocr_line' id='line_1_31' title="bbox 708 3766 2835 3842; baseline 0 -21"><span class='ocrx_word' id='word_1_245' title='bbox 708 3769 870 3840; x_wconf 72' lang='lat' dir='ltr'>legato</span> <span class='ocrx_word' id='word_1_246' title='bbox 895 3769 1176 3822; x_wconf 84' lang='lat' dir='ltr'>Ciaeconio</span> <span class='ocrx_word' id='word_1_247' title='bbox 1201 3767 1413 3821; x_wconf 78' lang='lat' dir='ltr'>videtur</span> <span class='ocrx_word' id='word_1_248' title='bbox 1438 3766 1722 3822; x_wconf 71' lang='lat' dir='ltr'>abundare.</span> <span class='ocrx_word' id='word_1_249' title='bbox 1809 3769 2084 3831; x_wconf 68' lang='grc' dir='ltr'><strong>πλεονεξίαν</strong></span> <span class='ocrx_word' id='word_1_250' title='bbox 2105 3781 2316 3833; x_wconf 79' lang='lat' dir='ltr'>vocant,</span> <span class='ocrx_word' id='word_1_251' title='bbox 2335 3788 2498 3841; x_wconf 89' lang='lat' dir='ltr'>quum</span> <span class='ocrx_word' id='word_1_252' title='bbox 2513 3770 2632 3842; x_wconf 84' lang='lat' dir='ltr'>quis</span> <span class='ocrx_word' id='word_1_253' title='bbox 2650 3770 2707 3823; x_wconf 88' lang='lat' dir='ltr'>in</span> <span class='ocrx_word' id='word_1_254' title='bbox 2730 3789 2835 3842; x_wconf 86' lang='lat' dir='ltr'>pu-</span> 
     </span>
     <span class='ocr_line' id='line_1_32' title="bbox 708 3847 2839 3919; baseline -0.001 -16"><span class='ocrx_word' id='word_1_255' title='bbox 708 3848 884 3903; x_wconf 83' lang='lat' dir='ltr'>Proba</span> <span class='ocrx_word' id='word_1_256' title='bbox 912 3868 1014 3901; x_wconf 77' lang='lat' dir='ltr'>vox</span> <span class='ocrx_word' id='word_1_257' title='bbox 1047 3849 1207 3918; x_wconf 71' lang='lat' dir='ltr'>legato</span> <span class='ocrx_word' id='word_1_258' title='bbox 1238 3848 1340 3901; x_wconf 89' lang='lat' dir='ltr'>hoc</span> <span class='ocrx_word' id='word_1_259' title='bbox 1372 3848 1491 3901; x_wconf 89' lang='lat' dir='ltr'>loco</span> <span class='ocrx_word' id='word_1_260' title='bbox 1517 3861 1570 3901; x_wconf 82' lang='lat' dir='ltr'>et</span> <span class='ocrx_word' id='word_1_261' title='bbox 1599 3849 1725 3901; x_wconf 85' lang='lat' dir='ltr'>reti-</span> <span class='ocrx_word' id='word_1_262' title='bbox 1809 3867 1910 3919; x_wconf 73' lang='lat' dir='ltr'>gna</span> <span class='ocrx_word' id='word_1_263' title='bbox 1939 3848 2147 3901; x_wconf 86' lang='lat' dir='ltr'>meliori</span> <span class='ocrx_word' id='word_1_264' title='bbox 2181 3847 2487 3902; x_wconf 83' lang='lat' dir='ltr'>conditione</span> <span class='ocrx_word' id='word_1_265' title='bbox 2527 3849 2716 3901; x_wconf 81' lang='lat' dir='ltr'>utitur.</span> <span class='ocrx_word' id='word_1_266' title='bbox 2747 3848 2839 3901; x_wconf 88' lang='lat' dir='ltr'>Sic</span> 
     </span>
     <span class='ocr_line' id='line_1_33' title="bbox 709 3924 2837 4001; baseline 0 -20"><span class='ocrx_word' id='word_1_267' title='bbox 709 3928 901 3983; x_wconf 79' lang='lat' dir='ltr'>nenda.</span> <span class='ocrx_word' id='word_1_268' title='bbox 921 3929 1160 4000; x_wconf 86' lang='lat' dir='ltr'>Opponit</span> <span class='ocrx_word' id='word_1_269' title='bbox 1177 3928 1317 3982; x_wconf 82' lang='lat' dir='ltr'>enim</span> <span class='ocrx_word' id='word_1_270' title='bbox 1335 3930 1725 4000; x_wconf 74' lang='lat' dir='ltr'>Caesarimpem·</span> <span class='ocrx_word' id='word_1_271' title='bbox 1810 3928 2057 4000; x_wconf 80' lang='lat' dir='ltr'>Xenoph.</span> <span class='ocrx_word' id='word_1_272' title='bbox 2087 3928 2125 3980; x_wconf 91' lang='lat' dir='ltr'>l.</span> <span class='ocrx_word' id='word_1_273' title='bbox 2165 3945 2212 3981; x_wconf 82' lang='grc' dir='ltr'>ι.</span> <span class='ocrx_word' id='word_1_274' title='bbox 2240 3927 2438 4001; x_wconf 81' lang='lat' dir='ltr'>Cyrop.</span> <span class='ocrx_word' id='word_1_275' title='bbox 2475 3927 2537 3980; x_wconf 77' lang='grc' dir='ltr'>Τὶ</span> <span class='ocrx_word' id='word_1_276' title='bbox 2563 3924 2625 3981; x_wconf 70' lang='grc' dir='ltr'>δὲ</span> <span class='ocrx_word' id='word_1_277' title='bbox 2649 3931 2837 3992; x_wconf 67' lang='grc' dir='ltr'><strong>λέουσι,</strong></span> 
     </span>
     <span class='ocr_line' id='line_1_34' title="bbox 710 4003 2838 4081; baseline 0.001 -23"><span class='ocrx_word' id='word_1_278' title='bbox 710 4019 853 4060; x_wconf 77' lang='lat' dir='ltr'>torem</span> <span class='ocrx_word' id='word_1_279' title='bbox 878 4021 929 4062; x_wconf 81' lang='lat' dir='ltr'>et</span> <span class='ocrx_word' id='word_1_280' title='bbox 960 4008 1417 4079; x_wconf 76' lang='lat' dir='ltr'>legatum.Sabinus</span> <span class='ocrx_word' id='word_1_281' title='bbox 1443 4027 1552 4061; x_wconf 89' lang='lat' dir='ltr'>non</span> <span class='ocrx_word' id='word_1_282' title='bbox 1579 4021 1728 4081; x_wconf 77' lang='lat' dir='ltr'>puta-</span> <span class='ocrx_word' id='word_1_283' title='bbox 1809 4009 1894 4061; x_wconf 73' lang='grc' dir='ltr'>καὶ</span> <span class='ocrx_word' id='word_1_284' title='bbox 1917 4008 2107 4079; x_wconf 69' lang='grc' dir='ltr'><strong>ἄρκτοις</strong></span> <span class='ocrx_word' id='word_1_285' title='bbox 2135 4008 2218 4061; x_wconf 72' lang='grc' dir='ltr'>καὶ</span> <span class='ocrx_word' id='word_1_286' title='bbox 2245 4003 2553 4077; x_wconf 50' lang='lat' dir='ltr'>acapnum*</span> <span class='ocrx_word' id='word_1_287' title='bbox 2579 4009 2667 4060; x_wconf 72' lang='grc' dir='ltr'>οὐκ</span> <span class='ocrx_word' id='word_1_288' title='bbox 2688 4009 2754 4068; x_wconf 76' lang='grc' dir='ltr'>εἰς</span> <span class='ocrx_word' id='word_1_289' title='bbox 2777 4009 2838 4060; x_wconf 71' lang='grc' dir='ltr'>τὸ</span> 
     </span>
     <span class='ocr_line' id='line_1_35' title="bbox 706 4086 2840 4160; baseline 0 -21"><span class='ocrx_word' id='word_1_290' title='bbox 706 4087 800 4139; x_wconf 82' lang='lat' dir='ltr'>bat</span> <span class='ocrx_word' id='word_1_291' title='bbox 829 4088 927 4140; x_wconf 79' lang='lat' dir='ltr'>sibi</span> <span class='ocrx_word' id='word_1_292' title='bbox 955 4089 1124 4160; x_wconf 80' lang='lat' dir='ltr'>legato</span> <span class='ocrx_word' id='word_1_293' title='bbox 1150 4100 1355 4141; x_wconf 81' lang='lat' dir='ltr'>tantum</span> <span class='ocrx_word' id='word_1_294' title='bbox 1383 4086 1725 4160; x_wconf 82' lang='lat' dir='ltr'>pugnandum</span> <span class='ocrx_word' id='word_1_295' title='bbox 1809 4091 1910 4140; x_wconf 79' lang='grc' dir='ltr'><strong>ἴσον</strong></span> <span class='ocrx_word' id='word_1_296' title='bbox 1941 4089 2248 4159; x_wconf 58' lang='lat' dir='ltr'>naues-ipen</span> <span class='ocrx_word' id='word_1_297' title='bbox 2265 4088 2537 4157; x_wconf 64' lang='grc' dir='ltr'>ἐμάχεσθε,</span> <span class='ocrx_word' id='word_1_298' title='bbox 2557 4087 2684 4140; x_wconf 76' lang='grc' dir='ltr'><strong>ἀλλὰ</strong></span> <span class='ocrx_word' id='word_1_299' title='bbox 2702 4086 2840 4158; x_wconf 70' lang='grc' dir='ltr'>μετὰ</span> 
     </span>
     <span class='ocr_line' id='line_1_36' title="bbox 709 4167 2839 4240; baseline 0.001 -23"><span class='ocrx_word' id='word_1_300' title='bbox 709 4184 820 4218; x_wconf 80' lang='lat' dir='ltr'>esse</span> <span class='ocrx_word' id='word_1_301' title='bbox 855 4186 975 4219; x_wconf 88' lang='lat' dir='ltr'>cum</span> <span class='ocrx_word' id='word_1_302' title='bbox 1010 4187 1193 4240; x_wconf 77' lang='lat' dir='ltr'>magna</span> <span class='ocrx_word' id='word_1_303' title='bbox 1223 4169 1454 4222; x_wconf 84' lang='lat' dir='ltr'>hostium</span> <span class='ocrx_word' id='word_1_304' title='bbox 1484 4169 1725 4220; x_wconf 88' lang='lat' dir='ltr'>multitu·</span> <span class='ocrx_word' id='word_1_305' title='bbox 1809 4167 2084 4231; x_wconf 73' lang='grc' dir='ltr'><strong>πλεονεξίας</strong></span> <span class='ocrx_word' id='word_1_306' title='bbox 2097 4169 2223 4228; x_wconf 77' lang='grc' dir='ltr'>τινὸς</span> <span class='ocrx_word' id='word_1_307' title='bbox 2247 4169 2500 4236; x_wconf 60' lang='lat' dir='ltr'>insapida</span> <span class='ocrx_word' id='word_1_308' title='bbox 2513 4168 2839 4237; x_wconf 70' lang='grc' dir='ltr'>ἀγωνίζεσθαι</span> 
     </span>
     <span class='ocr_line' id='line_1_37' title="bbox 706 4243 2298 4318; baseline 0.002 -21"><span class='ocrx_word' id='word_1_309' title='bbox 706 4243 861 4311; x_wconf 86' lang='lat' dir='ltr'>dine,</span> <span class='ocrx_word' id='word_1_310' title='bbox 880 4248 1090 4300; x_wconf 82' lang='lat' dir='ltr'>ahsente</span> <span class='ocrx_word' id='word_1_311' title='bbox 1113 4247 1437 4318; x_wconf 77' lang='lat' dir='ltr'>Caesare,qui</span> <span class='ocrx_word' id='word_1_312' title='bbox 1460 4265 1726 4299; x_wconf 83' lang='lat' dir='ltr'>summum</span> <span class='ocrx_word' id='word_1_313' title='bbox 1809 4249 1928 4317; x_wconf 73' lang='grc' dir='ltr'>πρὸς</span> <span class='ocrx_word' id='word_1_314' title='bbox 1957 4247 2115 4311; x_wconf 50' lang='grc' dir='ltr'><strong>αὐτοὺ</strong></span> <span class='ocrx_word' id='word_1_315' title='bbox 2145 4247 2298 4300; x_wconf 69' lang='lat' dir='ltr'>voss.</span> 
     </span>
    </p>
   </div>
   <div class='ocr_carea' id='block_1_6' title="bbox 708 4325 2836 4397">
    <p class='ocr_par' dir='ltr' id='par_1_8' title="bbox 708 4325 2836 4397">
     <span class='ocr_line' id='line_1_38' title="bbox 708 4325 2836 4397; baseline 0.001 -19"><span class='ocrx_word' id='word_1_316' title='bbox 708 4325 992 4397; x_wconf 82' lang='lat' dir='ltr'>imperium</span> <span class='ocrx_word' id='word_1_317' title='bbox 1022 4328 1247 4380; x_wconf 84' lang='lat' dir='ltr'>tenebat.</span> <span class='ocrx_word' id='word_1_318' title='bbox 1270 4327 1440 4380; x_wconf 83' lang='lat' dir='ltr'>Miror</span> <span class='ocrx_word' id='word_1_319' title='bbox 1468 4344 1595 4379; x_wconf 79' lang='lat' dir='ltr'>sane</span> <span class='ocrx_word' id='word_1_320' title='bbox 1617 4326 1725 4379; x_wconf 85' lang='lat' dir='ltr'>Ur·</span> <span class='ocrx_word' id='word_1_321' title='bbox 1891 4326 2017 4380; x_wconf 68' lang='lat' dir='ltr'>Cu.</span> <span class='ocrx_word' id='word_1_322' title='bbox 2051 4326 2256 4380; x_wconf 75' lang='lat' dir='ltr'>xvm,</span> <span class='ocrx_word' id='word_1_323' title='bbox 2293 4344 2339 4379; x_wconf 84' lang='lat'>1.</span> <span class='ocrx_word' id='word_1_324' title='bbox 2373 4326 2522 4379; x_wconf 71' lang='lat' dir='ltr'>Velie.</span> <span class='ocrx_word' id='word_1_325' title='bbox 2556 4326 2639 4379; x_wconf 76' lang='lat' dir='ltr'>Al.</span> <span class='ocrx_word' id='word_1_326' title='bbox 2665 4325 2836 4380; x_wconf 72' lang='lat' dir='ltr'>vellet.</span> 
     </span>
    </p>
   </div>
  </div>
 </body>
</html>
