3111 5147
723 533 820 618 84
1035 534 1110 601 C.
1165 533 1440 602 JULII
1498 531 1952 602 CAESARIS
2005 532 2552 601 COMMENT.

717 665 937 734 dinem
981 666 1179 735 ramis
1221 680 1289 733 et
1334 665 1514 734 rubis
1572 663 1991 757 sentibusque
2045 663 2399 755 interjectis
2452 662 2833 751 effecerant,

716 786 792 840 ut
833 773 1037 840 instar
1076 772 1249 839 muri
1290 771 1393 840 hae
1434 795 1621 865 sepes
1656 771 2061 838 munimenta
2098 770 2503 863 praeberent3
2539 795 2673 864 quo
2706 794 2835 841 non

714 877 916 946 modo
943 862 1212 946 intrari⁵
1219 876 1382 964 ‚sed
1424 901 1507 944 ne
1550 878 1832 970 perspici
1874 874 2138 970 quidem
2184 890 2423 970 posset.
2483 879 2601 944 His
2646 876 2835 944 rebus

714 1009 919 1078 quum
962 985 1086 1052 iter
1129 983 1406 1076 agminis
1451 983 1660 1052 nostri
1715 982 2175 1077 impediretur,
2216 1007 2353 1050 non
2406 982 2836 1051 omittendum

716 1089 838 1158 sibi
881 1088 1221 1159 consilium
1267 1089 1495 1158 Nervii
1537 1090 2041 1156 aestimaverunt.

820 1196 1110 1264 XVIII.
1159 1195 1322 1263 Loci
1383 1207 1621 1263 natura
1675 1209 1816 1262 erat
1867 1193 2007 1262 haec
2037 1246 2056 1280 ,
2104 1217 2299 1288 quem
2358 1191 2577 1263 locum
2633 1196 2836 1263 nostri

713 1302 943 1369 castris
972 1297 1368 1395 delegerant.
1394 1298 1631 1387 Collis,
1655 1300 1739 1368 ab
1770 1324 2030 1369 summo
2059 1298 2392 1393 aequaliter
2423 1297 2689 1368 declivis
2706 1352 2726 1386 ,
2755 1299 2836 1367 ad

710 1406 959 1475 flumen
992 1406 1251 1492 Sabim,
1275 1406 1453 1500 quod
1483 1430 1685 1501 supra
1720 1407 2233 1493 nominavimus,
2266 1405 2595 1499 vergebat.
2627 1405 2728 1474 Ab
2759 1430 2835 1474 eo

709 1511 979 1580 flumine
1015 1514 1158 1607 pari
1190 1509 1557 1581 acclivitate
1585 1510 1767 1581 collis
1800 1512 2220 1595 nascebatur,
2248 1511 2562 1580 adversus
2589 1511 2746 1580 huic
2771 1527 2836 1580 et

699 1620 1114 1706 contrarius,
1153 1642 1382 1712 passus
1424 1618 1685 1686 circiter.
1725 1617 2077 1706 ducentoS,
2123 1616 2349 1685 infima
2385 1632 2652 1711 apertus
2673 1616 2719 1703 ¹,
2751 1618 2832 1686 ab

711 1726 1047 1817 superiore
1090 1737 1277 1819 parte
1321 1721 1667 1808 silvestris,
1688 1737 1762 1790 ut
1803 1747 1938 1792 non
1977 1721 2164 1792 facile
2205 1724 2526 1792 introrsus
2555 1724 2832 1817 perspici

710 1846 949 1948 posset.
977 1833 1165 1898 Intra
1194 1852 1303 1897 eas
1328 1826 1523 1896 silvas
1549 1827 1825 1897 hostes
1809 1853 1876 1895 m
1910 1827 2170 1899 occulto
2202 1853 2342 1897 sese
2373 1829 2827 1899 continebant:

708 1938 775 2003 in
804 1933 1069 2029 aperto²
1104 1933 1251 2002 loco
1274 1932 1637 2002 secundum
1665 1933 1909 2003 flumen
1945 1958 2172 2028 paucae
2206 1936 2514 2004 stationes
2542 1937 2830 2065 equitum

708 2041 1118 2109 videbantur.
1150 2037 1464 2107 Fluminis
1500 2054 1644 2107 erat
1683 2036 1957 2108 altitudo
1985 2040 2230 2133 pedum
2265 2042 2524 2109 circiter
2567 2027 2806 2109 trium³
2810 2095 2824 2110 .

812 2149 999 2214 XIX.
1045 2147 1291 2233 Caesar,
1313 2145 1608 2238 equitatu
1651 2148 2027 2239 praemisso,
2062 2147 2580 2239 subsequebatur
2621 2149 2826 2216 omni-

706 2252 830 2321 bus
874 2253 1116 2345 copiis:
1143 2250 1256 2321 sed
1299 2253 1466 2319 ratio
1510 2249 1806 2344 ordoque
1849 2253 2123 2346 agminis
2165 2250 2352 2320 aliter
2394 2278 2463 2321 se
2503 2252 2826 2341 habebat,

706 2383 784 2427 ac
825 2357 1042 2453 Belgae
1083 2357 1168 2427 ad
1208 2359 1489 2426 Nervios
1530 2354 1917 2426 detulerant.
1956 2359 2129 2427 Nam
2154 2411 2175 2445 ,
2204 2357 2381 2452 quod
2431 2358 2515 2427 ad
2557 2358 2777 2429 hostes
2804 2358 2822 2383 ¹

707 2462 1277 2558 appropinquabat
1295 2516 1316 2550 ,
1340 2462 1812 2532 consuetudine
1841 2488 1959 2532 sua
1985 2465 2210 2532 Caesar
2244 2489 2356 2532 sex
2398 2463 2683 2559 legiones
2726 2490 2825 2534 ex-

705 2569 957 2665 peditas
1016 2568 1344 2640 ducebat:
1381 2584 1532 2661 post
1573 2591 1683 2639 eas
1725 2571 1924 2640 totius
1968 2571 2289 2641 exercitus
2308 2568 2329 2596 ²
2362 2571 2824 2666 impedimenta

706 2762 952 2814 arboribus
977 2764 1162 2824 incisis,
1193 2773 1332 2834 atque
1353 2766 1403 2814 in
1426 2762 1722 2814 latitudc'nem
1809 2765 1890 2815 vel
1933 2763 2138 2815 altitudo
2176 2764 2349 2816 XXX.
2395 2764 2706 2835 Pei-peram3
2751 2765 2824 2817 ihi

707 2845 853 2892 ramis
894 2845 1061 2894 enatis.
1113 2840 1248 2894 cod.
1300 2841 1448 2911 5764
1489 2854 1724 2895 nostram
1812 2844 1952 2898 enim
1967 2842 2191 2896 altitudo
2208 2843 2435 2896 refertur
2460 2843 2523 2896 ad
2541 2845 2697 2915 ripas,
2708 2862 2823 2916 qun

707 2919 985 2974 lectionem
1003 2921 1214 2974 exhibet
1225 2958 1240 2985 ‚
1255 2939 1371 2993 qnoe
1394 2921 1567 2993 reipsa
1584 2941 1728 2993 pers·

706 2999 958 3071 picuitate
983 3013 1208 3072 prestat.

793 3080 842 3132 5.
875 3080 991 3134 Non
1015 3080 1153 3133 modo
1179 3083 1363 3133 intrari.
1395 3079 1599 3152 Vulgo,
1629 3099 1725 3132 non

708 3159 847 3211 modo
870 3179 965 3212 non
994 3164 1181 3212 intrari.
1206 3160 1421 3213 Frustra
1449 3178 1462 3212 :
1489 3178 1612 3211 nam
1633 3179 1726 3231 op-

708 3239 825 3291 timi
854 3240 1055 3310 scriptt.
1098 3237 1378 3292 secundam
1408 3257 1544 3309 saepe
1568 3257 1724 3310 nega-

641 3363 648 3376 .
707 3317 905 3370 tionem
927 3318 1196 3376 omittunt.
1215 3315 1394 3371 Codex
1411 3330 1586 3370 tamen
1602 3337 1723 3370 nos-

710 3409 790 3449 ter
820 3398 885 3450 R.
924 3397 1107 3466 5763,
1143 3416 1237 3447 non
1272 3396 1409 3447 modo
1444 3415 1554 3449 non.

788 3477 916 3529 Car.
936 3477 1142 3529 XVIII.
1165 3494 1187 3527 1
1200 3515 1213 3527 .
1232 3476 1413 3527 Passus
1434 3478 1622 3526 circiter
1640 3476 1727 3527 du·

708 3567 865 3606 centos
873 3595 888 3618 ,
909 3554 1072 3624 infima
1100 3565 1302 3626 apertus,
1332 3552 1528 3623 Infima,
1549 3553 1728 3625 quoad

709 3635 888 3686 infima
918 3634 1031 3686 loca
1046 3671 1063 3699 ‚
1086 3631 1262 3705 quoad
1288 3631 1502 3686 radices.
1526 3635 1724 3699 Aliter,

708 3712 938 3766 nudatus
959 3712 1025 3764 ab
1049 3713 1297 3766 inferiore
1312 3725 1462 3783 parte
1486 3711 1726 3766 ducentis

706 3795 918 3846 circiter
958 3793 1209 3864 passibus.
1253 3791 1392 3844 Male
1438 3805 1491 3845 et
1540 3805 1724 3845 contra

708 3871 864 3924 codd.
905 3873 1218 3926 recentiores
1244 3884 1579 3925 mutaverunt
1613 3872 1723 3943 infi-

706 3969 787 4001 ma
808 3952 863 4004 in
890 3950 1090 4021 infimus.

730 4079 739 4088 ,
794 4051 842 4083 2.
889 4032 950 4083 In
993 4044 1172 4103 aperto.
1225 4031 1396 4084 Nullis
1446 4032 1723 4084 arboribus

708 4111 912 4161 vestito.
945 4110 1020 4162 M.

794 4188 846 4239 3.
881 4189 930 4239 T
924 4192 1062 4242 rium.
1109 4191 1214 4242 Pro
1244 4194 1383 4242 trima
1416 4190 1723 4244 ciacconius

709 4265 1170 4337 legendumcenset
1183 4269 1558 4339 latitudopedmn
1567 4271 1718 4324 CCC.

1809 2933 2089 2994 praeruptae
2120 2935 2268 2975 erant
2285 2960 2302 2987 ,
2338 2942 2447 2974 non
2488 2920 2556 2975 ad
2595 2921 2790 2976 flumen
2805 2961 2821 2986 ,

1810 3000 1956 3072 quod
1984 3002 2293 3054 latissimum
2317 3001 2532 3073 quidem
2562 3015 2701 3067 erat,
2732 3001 2822 3059 sed

1809 3098 1998 3151 parum
2042 3080 2370 3152 profundum
2394 3120 2411 3148 ,
2440 3101 2565 3135 nam
2599 3081 2823 3153 pedihus

1809 3161 2019 3213 transiri
2046 3174 2265 3231 poterat.

1889 3240 2016 3293 Car.
2029 3239 2174 3292 XIX.
2187 3259 2210 3293 1
2222 3241 2390 3310 .Quod
2399 3240 2819 3310 adliostes.Quod‚

1810 3319 1959 3389 quia,
1981 3329 2081 3372 etc.
2110 3320 2285 3390 Vulgo
2312 3321 2442 3392 quod
2475 3321 2620 3372 bostis
2649 3340 2822 3392 appro-

1801 3397 2084 3469 pinquabat.
2127 3396 2231 3450 Sed
2279 3399 2442 3452 hostis
2482 3417 2591 3452 non
2630 3418 2821 3471 appro-

1809 3477 2098 3547 pinquabat
2118 3514 2136 3543 ,
2172 3480 2474 3549 expectabat
2508 3480 2648 3531 enim
2681 3491 2824 3533 trans

1810 3554 2006 3608 flumen
2026 3554 2307 3609 adventum
2326 3560 2699 3611 Romanorum.
2719 3558 2822 3611 On.

1895 3654 1944 3688 α.
1976 3636 2100 3687 Post
2144 3657 2224 3687 eas
2268 3642 2411 3689 totius
2445 3643 2700 3700 exer-citus,
2733 3650 2822 3692 etc.

1811 3713 1865 3766 Si
1884 3714 2026 3766 enim
2044 3713 2109 3766 ad
2133 3714 2336 3770 hostem
2360 3718 2554 3782 iretur,
2579 3719 2824 3788 subsequi

1810 3792 2182 3864 impedimenta
2220 3796 2466 3867 jubebat,
2450 3814 2463 3828 ·
2502 3798 2544 3848 si
2587 3797 2753 3849 hostis
2796 3814 2826 3849 a

1811 3884 1957 3944 tergo
2004 3874 2420 3946 relinqueretur,
2457 3876 2822 3947 praemittebat.

1806 3952 1886 4005 Ita
1920 3954 2100 4025 Veget.
2124 3954 2159 4007 l.
2186 3973 2288 4018 111,
2313 3974 2357 4007 c.
2391 3958 2462 4007 6.
2449 3959 2630 4027 ,ρνίηιὶ
2651 3959 2827 4026 equites

1809 4035 1901 4083 iter
1911 4038 2160 4103 arripiam,
2175 4035 2282 4086 inde
2298 4034 2513 4104 pedites.-
2525 4035 2824 4106 impedimen-

1810 4123 1875 4173 ta,
1899 4113 2086 4164 calones
2092 4115 2462 4186 ,vehiculoque
2443 4135 2492 4166 m
2507 4115 2658 4167 medio
2678 4114 2826 4165 collo·

1807 4204 2001 4252 centum·
2030 4196 2100 4243 ita
2136 4206 2252 4243 ute
2225 4193 2441 4264 eapedc'ta
2458 4215 2580 4266 pars
2608 4194 2824 4266 pediam

1807 4283 1856 4321 ct
1875 4275 2084 4342 equitum
2108 4272 2429 4344 subsequatur.
