3111 5147
542 518 682 587 DE
734 518 1079 589 BELLO
1133 519 1623 591 GALLICO.
1681 521 1872 592 LIB.
1930 523 2102 593 VII.
2259 524 2407 599 305

269 674 432 722 cum
472 665 827 747 agerentur
845 705 866 739 ‚
897 653 1340 747 cognoscebat
1356 706 1378 739 ,
1406 668 1473 722 et
1492 706 1512 742 ‚
1550 654 1709 749 quid
1750 654 1894 725 fieri
1931 656 2129 727 vellet
2146 709 2167 745 ,
2204 658 2407 755 impe·

271 756 508 826 rabat:
547 782 780 827 omnes
814 773 1072 828 nostras
1100 757 1554 854 pabulationes
1595 760 2262 857 frumentationesque
2290 767 2408 834 ob-

274 864 586 934 servabat
607 919 627 953 ,
661 864 1120 960 dispersosque
1140 890 1379 959 ‚quum
1406 863 1666 962 longius
1695 871 2063 940 necessario
2092 871 2405 964 procede·

274 986 466 1057 rent,
493 970 950 1059 adoriebatur,
979 995 1350 1066 magnoque
1389 973 1815 1043 incommodo
1850 973 2177 1045 afficiebat
2205 1002 2221 1043 ε
2254 980 2409 1068 etsi,

274 1091 598 1171 quantum
619 1079 870 1147 ratione
891 1077 1225 1174 provideri
1241 1092 1531 1172 poterat,
1547 1077 1634 1146 ab
1657 1082 1898 1149 nostris
1914 1082 2410 1172 occurrebatur,

273 1198 355 1253 ut
395 1183 660 1255 incertis
699 1184 1108 1279 temporibus
1142 1184 1543 1279 diversisque
1580 1186 1922 1255 itineribus
1964 1188 2186 1257 iretur.

387 1292 608 1358 XVII.
658 1291 907 1359 Castris
949 1290 1031 1359 ad
1074 1314 1220 1359 eam
1265 1305 1520 1385 partem
1565 1291 1793 1385 oppidi
1833 1294 2061 1387 positis
2081 1346 2101 1381 ‚
2145 1296 2366 1363 Caesar
2389 1348 2409 1383 ,

276 1420 429 1489 quae
469 1396 831 1465 intermissa
870 1421 911 1464 a
950 1397 1216 1465 flumine
1256 1411 1324 1464 et
1363 1395 1710 1490 paludibus
1733 1395 1751 1420 ¹
1778 1396 2027 1467 aditum
2046 1453 2065 1485 ,
2097 1412 2173 1467 ut
2211 1424 2411 1495 supra

275 1500 597 1590 diximuS,
635 1515 987 1597 angustum
1039 1501 1326 1570 habebat
1349 1553 1369 1589 ‚
1415 1525 1725 1596 aggerem
1777 1525 2097 1598 apparare
2123 1556 2143 1589 ,
2185 1506 2410 1574 vineas

276 1630 475 1702 agere
494 1660 515 1695 ‚
547 1623 761 1676 turres
801 1607 964 1678 duas
996 1604 1395 1677 constituere
1436 1609 1636 1701 coepit
1663 1633 1678 1674 z
1718 1631 1873 1677 nam
1913 1609 2411 1680 circumvallare

278 1711 406 1783 loci
459 1728 699 1782 natura
751 1712 1161 1809 prohibebat.
1205 1713 1310 1781 De
1363 1736 1435 1780 re
1487 1712 1918 1782 frumentaria
1968 1717 2163 1784 Boios
2213 1730 2411 1810 atque

279 1818 529 1889 AEduos
560 1819 897 1888 adhortari
921 1843 1055 1887 non
1080 1817 1326 1887 destitit
1357 1842 1371 1884 ε
1403 1842 1688 1912 quorum
1723 1816 1910 1887 alteri
1934 1816 1980 1906 ²,
2018 1819 2200 1914 quod
2227 1819 2410 1892 nullo

279 1925 499 1995 studio
539 1926 826 2020 agebant
845 1978 865 2011 ,
906 1949 1041 1993 non
1081 1921 1363 1993 multum
1401 1923 1847 2017 adjuvabant3
1887 1922 2073 1993 alteri
2107 1950 2242 1994 non
2270 1952 2411 1997 ma-

276 2034 427 2150 gnis
461 2030 878 2102 facultatibus
897 2084 918 2118 ,
939 2028 1119 2126 quod
1147 2031 1374 2099 civitas
1405 2044 1548 2099 emt
1577 2031 1811 2123 exigua
1831 2044 1898 2098 et
1923 2030 2220 2119 infirma,
2244 2031 2413 2102 cele—

281 2140 481 2225 riter,
501 2137 676 2231 quod
699 2138 1108 2224 habuerunt,
1131 2148 1701 2266 consumpserunt.
1730 2138 2003 2206 Summa
2027 2136 2413 2208 difficultate

281 2246 384 2313 rei
423 2243 860 2314 frumentariae
899 2227 1186 2312 affecto³
1222 2243 1551 2327 exercitu,
1587 2243 1902 2310 tenuitate
1931 2244 2284 2332 Boiorum,
2315 2245 2413 2312 in—

280 2349 616 2447 diligentia
649 2350 1061 2435 AEduorum,
1091 2347 1404 2418 incendiis
1441 2345 1866 2447 aedificiorum
1889 2373 2146 2443 ,usque
2187 2374 2307 2436 eo,
2341 2365 2416 2420 ut

281 2456 659 2552 complures
699 2457 836 2526 dies
875 2454 1111 2524 milites
1151 2454 1484 2524 frumento
1534 2440 1909 2541 caruerint,
1948 2469 2058 2543 et,
2097 2480 2336 2551 pecore
2376 2482 2415 2526 e

281 2562 851 2661 longinquioribus
883 2563 1042 2632 vicis
1070 2546 1377 2648 adactoss
1409 2575 1767 2632 extremam
1811 2506 2058 2631 fameni
2093 2577 2416 2633 sustenta—

283 2685 473 2759 rent,
518 2670 701 2740 nulla
751 2684 971 2738 tamen
1022 2694 1153 2738 vox
1191 2682 1292 2737 est
1331 2667 1416 2735 ab
1461 2668 1536 2736 iis
1577 2666 1847 2754 audita,
1894 2667 2121 2762 populi
2162 2671 2417 2738 romani

284 2779 625 2871 majestate
647 2791 715 2845 et
736 2774 1179 2871 superioribus
1211 2774 1496 2843 victoriis
1525 2773 1809 2866 indigna.
1838 2774 2019 2862 Quin
2043 2776 2238 2843 etiam
2274 2778 2416 2845 Cae-

285 2907 395 2954 sar
413 2909 661 3002 ‚quum
694 2884 761 2950 in
792 2907 991 2977 opere
1015 2878 1304 2974 singulas
1322 2878 1610 2974 legiones
1639 2875 2027 2972 appellaret,
2045 2894 2136 2964 et,
2160 2883 2210 2947 si
2234 2905 2415 2949 acer·

283 2989 480 3059 bins
463 2992 752 3085 inopiam
783 2988 1075 3073 ferrent,
1102 3011 1170 3056 se
1200 2985 1620 3055 dimissurum
1650 2985 2209 3077 oppugnationem
2241 2986 2414 3054 dice-

1397 3192 1564 3257 dibus,
1603 3204 1657 3244 et
1680 3191 1816 3244 hanc
1846 3189 2128 3244 lectionem
2152 3194 2415 3247 revocavi.

1485 3292 1513 3326 a
1522 3272 1718 3326 .Alten'.
1730 3270 1811 3325 Sc.
1823 3267 2265 3323 AEdui.--Alteri.
2277 3271 2416 3326 Boii.

291 3201 438 3267 aliis,
455 3212 720 3262 momenta,
745 3198 829 3251 vel
859 3198 1005 3250 hor-ce.
1034 3194 1310 3248 Familiare

290 3294 468 3335 autem
495 3280 704 3334 Caesari.
738 3278 876 3331 Nam
905 3293 1061 3348 supra
1090 3294 1104 3328 ε
1140 3277 1311 3326 castris

289 3373 405 3413 ante
427 3360 658 3432 ‚oppidum
679 3361 851 3430 positis
873 3357 969 3409 diei
994 3368 1196 3425 tempore
1224 3374 1310 3406 ea:-
1481 3352 1532 3406 3.
1567 3353 1783 3419 Affecto.
1807 3347 1957 3404 Leid.
1984 3348 2140 3421 prim.
2173 3352 2412 3418 conficto,

292 3441 479 3503 clusus,
514 3452 567 3492 et
593 3457 729 3511 sape
753 3438 894 3491 alibi.
929 3437 1014 3489 Sic
1054 3438 1171 3486 anni
1196 3445 1311 3484 tem-

284 3540 423 3591 pore,
441 3519 541 3574 sub
555 3518 717 3571 finem
731 3517 825 3570 lib.
848 3533 934 3580 v1,
955 3526 1009 3568 et
1020 3514 1123 3568 hoc
1144 3513 1310 3565 libro:

291 3600 547 3654 durissimo
567 3611 770 3669 tempore
783 3600 913 3647 anni.
940 3596 1121 3647 Voss.
1138 3592 1171 3644 J
1174 3592 1313 3645 ulius

292 3680 481 3733 Celsus
504 3677 663 3731 habet
682 3696 776 3749 per
802 3675 1017 3745 sitegulas
1047 3673 1204 3725 horas.
1234 3673 1314 3724 Ita

288 3777 447 3831 grac.
463 3758 804 3830 interpr-mo*
821 3756 999 3814 ἕκαςήν
1017 3754 1162 3823 ὥραν.
1178 3750 1315 3804 Nos-

291 3840 364 3891 tri
395 3834 556 3891 codd.
586 3836 848 3907 vulgatam
888 3833 1154 3886 exhibent.

374 3918 507 3971 Cu.
541 3916 718 3969 XVII.
769 3933 818 3968 1.
850 3914 1125 3966 Intermissa
1153 3930 1185 3962 a
1211 3909 1315 3980 flu-

292 4001 418 4050 mine
446 4008 498 4049 et
508 3995 784 4067 paludibus.
814 3993 935 4046 Non
957 3989 1186 4045 obducta
1212 3987 1314 4040 flu·

292 4077 439 4130 mine
476 4088 531 4131 et
570 4072 885 4148 paludibns;
915 4072 1009 4125 ubi
1052 4088 1161 4122 non
1204 4079 1316 4121 erat

291 4155 492 4210 flumen
519 4168 572 4209 et
601 4156 768 4226 palus.
806 4155 883 4207 M.
926 4148 1097 4206 codd.
1133 4166 1316 4202 omnes

290 4250 484 4310 prater
496 4234 696 4289 Audin.
710 4247 764 4288 et
775 4233 949 4289 Oxou.
962 4231 1158 4286 habent
1173 4228 1314 4301 palu·

675 4347 722 4410 Ῑ.

1398 3429 1454 3484 id
1474 3444 1580 3496 est,
1608 3429 1912 3495 debilitato,
1939 3429 2086 3501 quasi
2115 3429 2311 3497 &actm
2338 3432 2419 3485 nti

1399 3511 1524 3563 alibi
1557 3511 1746 3564 Caesar.
1773 3509 1923 3563 Nihil
1941 3522 2115 3562 tamen
2141 3527 2274 3581 opus
2297 3528 2416 3562 mu·

1399 3591 1615 3643 tatione.
1651 3590 1797 3643 Otm.
1816 3588 1998 3642 Nostri
2029 3586 2185 3641 codd.
2220 3590 2413 3656 afficto.

1482 3677 1534 3734 4.
1563 3671 1743 3722 Pecorae
1786 3689 1812 3719 e
1858 3668 2262 3740 longinqiaeioeibus
2296 3673 2418 3722 vicis

1401 3749 1589 3802 adacto.
1624 3747 1934 3801 ciacconius
1965 3759 2017 3799 et
2042 3747 2268 3800 Ursinus
2285 3747 2419 3819 lege-

1398 3830 1527 3882 bant
1557 3827 1743 3879 abacto.
1765 3826 2012 3890 Frustra,
2042 3837 2096 3879 et
2118 3838 2299 3879 contra
2325 3844 2417 3878 co-

1401 3907 1575 3972 dices;
1608 3925 1731 3959 nam
1756 3906 1961 3968 adacto,
1983 3902 2039 3955 id
2071 3917 2177 3970 est,
2208 3917 2415 3972 coacto,

1400 3987 1674 4059 compulso
1689 3997 1859 4051 ‚recte
1881 3982 2186 4048 dicitur,de
2216 3984 2278 4038 iis
2302 4003 2420 4056 quo

1400 4068 1455 4121 vi
1477 4068 1615 4119 inter
1632 4078 1801 4119 castra
1826 4061 2128 4134 adiguntur.
2149 4063 2234 4116 Sic
2247 4064 2422 4119 Plaut-

1400 4143 1648 4201 Bacchid.
1681 4147 1876 4205 Aeta,
1911 4161 1980 4195 sc.
2022 4161 2085 4196 11
2113 4161 2130 4210 ;
2160 4162 2213 4198 v,
2245 4145 2295 4198 3.

1401 4235 1544 4290 Nam,
1568 4231 1756 4286 amabo,
1775 4228 1879 4294 qui·
1892 4229 1977 4276 has
1994 4228 2089 4276 hnc
2105 4243 2214 4277 oves
2231 4228 2416 4294 adegit?

1960 4355 2055 4401 20
