3111 5147
723 479 878 551 ³80
990 480 1067 547 C.
1119 479 1406 548 JULII
1469 476 1937 546 CAESARIS
2004 477 2542 546 COMMENT.

720 613 1159 707 gravibusque
1202 611 1513 705 navigiis,
1551 634 1688 678 non
1742 608 2112 677 intermisso
2167 609 2531 703 remigandi
2585 609 2806 680 labore
2823 666 2842 698 ,

721 717 1066 814 longarum
1106 718 1374 786 navium
1415 741 1683 785 cursum
1727 714 2174 808 adaequarunt.
2222 717 2578 786 Accessum
2622 733 2722 787 est
2765 719 2841 786 ad

718 826 1123 894 Britanniam
1159 824 1465 893 omnibus
1492 822 1771 890 navibus
1802 821 2165 891 meridiano
2199 821 2337 891 fere
2372 836 2701 917 tempore:
2735 849 2842 892 ne·

716 958 844 1026 que
888 933 955 1000 in
993 958 1073 1000 eo
1108 930 1255 999 loco
1289 929 1497 998 hostis
1533 943 1634 996 est
1667 929 1883 1016 visus;
1926 927 2070 1013 sed,
2114 942 2191 997 ut
2230 943 2459 1022 postea
2503 932 2726 999 Caesar
2767 956 2843 999 ex

717 1039 993 1133 captivis
1031 1037 1384 1130 comperit,
1420 1059 1626 1129 quum
1664 1058 1919 1127 magnae
1961 1058 2196 1104 manus
2237 1059 2317 1104 eo
2353 1039 2841 1123 convenissent,

715 1142 1134 1213 multitudine
1168 1143 1438 1210 navium
1474 1142 1872 1236 perterritae,
1899 1131 1925 1222 (
1938 1165 2083 1234 quae
2127 1166 2281 1209 cum
2315 1128 2685 1211 annotinis⁶
2711 1145 2836 1238 pri-

715 1252 1054 1343 vatisque,
1113 1272 1275 1343 quas
1330 1249 1430 1315 sui
1468 1249 1757 1366 ‘quisque
1814 1246 2182 1316 commodi⁷
2234 1246 2513 1337 fecerat,
2567 1248 2839 1378 amplius

713 1357 963 1427 DCCC
1008 1380 1145 1423 uno
1189 1368 1378 1422 erant
1419 1355 1573 1422 visae
1617 1368 1950 1447 tempore,
1963 1348 2055 1443 )a
2096 1352 2315 1423 littore
2351 1342 2836 1467 discesserant,

714 1485 791 1531 ac
828 1487 897 1533 se
940 1464 1008 1530 in
1046 1459 1384 1556 superiora
1415 1457 1561 1529 loca
1597 1459 2001 1529 abdiderant.

817 1571 939 1638 IX.
1005 1570 1264 1656 Caesar,
1304 1568 1603 1661 exposito
1647 1568 1970 1652 exercitu,
2017 1582 2086 1635 et
2125 1565 2273 1636 loco
2323 1568 2553 1637 castris
2604 1568 2835 1656 idoneo

714 1690 910 1769 capto
932 1728 952 1763 ,
979 1675 1093 1743 ubi
1121 1698 1201 1742 ex
1229 1676 1505 1768 captivis
1533 1674 1877 1765 cognovit,
1895 1698 2027 1767 quo
2054 1675 2123 1741 in
2148 1671 2297 1742 loco
2322 1672 2614 1743 hostium
2638 1676 2835 1768 copiae

712 1781 1196 1867 consedissent,
1225 1779 1611 1847 cohortibus
1635 1780 1701 1845 X
1721 1777 1737 1801 ¹
1776 1777 1861 1846 ad
1883 1803 2066 1847 mare
2100 1779 2375 1867 relictiS,
2412 1795 2479 1849 et
2513 1781 2832 1874 equitibus

713 1887 928 1972 CCC,
966 1886 1080 1979 qui
1131 1883 1435 1978 praesidio
1491 1883 1772 1952 navibus
1824 1899 2073 1972 essent,
2114 1885 2197 1954 de
2240 1887 2436 1954 tertia
2484 1884 2706 1980 vigilia
2756 1887 2835 1955 ad

713 1993 934 2059 hostes
973 1990 1347 2078 contendit,
1390 2015 1471 2057 eo
1506 1991 1726 2058 minus
1764 1992 2007 2060 veritus
2042 1990 2357 2062 navibus²
2375 1993 2653 2086 ‚quod
2637 2018 2704 2060 m
2739 1992 2833 2061 lit·

709 2112 854 2166 tore
893 2082 1110 2166 ιιιοΙΙί3
1143 2111 1339 2191 atque
1369 2111 1602 2190 aperto
1641 2094 1954 2190 deligatas
1989 2097 2072 2166 ad
2118 2098 2479 2168 anchoram
2519 2097 2833 2193 relinque-

792 2286 845 2335 6.
881 2283 1007 2352 Quoe
1034 2300 1139 2334 cum
1168 2284 1424 2332 annotinis.
1448 2278 1733 2331 Annotinae

709 2380 868 2415 naves
902 2381 1012 2415 non
1050 2373 1173 2414 sunt
1210 2364 1442 2413 onerariae
1471 2376 1630 2410 naves
1665 2356 1732 2410 ad

710 2461 949 2494 annonam
981 2437 1418 2494 namvehendam
1442 2436 1732 2492 destinato.

712 2522 1024 2586 Annotinus,
1061 2520 1154 2590 qui
1187 2520 1345 2570 unius
1384 2529 1622 2582 tantum,
1649 2517 1732 2568 vel

709 2601 890 2672 potius
916 2599 1206 2671 superioris
1235 2599 1361 2651 anni
1386 2609 1465 2651 est
1482 2634 1499 2662 ,
1522 2609 1577 2649 et
1592 2609 1734 2650 recte

709 2698 862 2751 graec.
892 2680 1114 2749 interpr.
1144 2679 1228 2732 σὺν
1265 2680 1376 2738 ταῖς
1407 2681 1492 2729 τοῦ
1526 2676 1730 2747 πρόσθεν

709 2762 865 2821 ἔτους.
897 2758 1180 2811 Annotinae
1222 2775 1380 2809 naves
1415 2768 1567 2811 erant
1594 2756 1733 2809 leves

709 2839 964 2891 naviculae
973 2877 989 2904 ‚
1005 2839 1163 2891 unius
1178 2849 1384 2890 tantum
1396 2836 1602 2890 itineris
1615 2853 1735 2887 cau·

709 2938 766 2971 sa
803 2919 1085 2972 fabricato.

790 3018 845 3069 7.
874 2998 964 3052 Sui
994 2998 1240 3050 commodi.
1260 2994 1498 3050 Subaudi
1524 3015 1689 3049 causa.

791 3083 845 3133 8.
886 3079 993 3131 Uno
1018 3091 1157 3130 erant
1182 3083 1302 3129 visoe
1331 3089 1555 3147 tempore,
1586 3095 1621 3125 a
1645 3075 1730 3125 lit·

709 3171 808 3210 tore
831 3160 1152 3211 discesserant.
1169 3158 1347 3228 Vulgo
1375 3157 1571 3227 legitur
1594 3172 1729 3226 :nna

675 3251 846 3309 ..erant
878 3243 1001 3290 visoe
1016 3278 1031 3300 ,
1066 3243 1228 3289 timore
1257 3257 1288 3287 a
1318 3237 1476 3287 littore
1505 3235 1729 3286 disoesse-

708 3332 832 3370 rant.
855 3318 1034 3370 Minus
1046 3318 1199 3369 bene.
1218 3314 1389 3367 codd.
1405 3314 1574 3367 nostri
1586 3332 1729 3365 eam·

705 3395 828 3449 dem
850 3398 1157 3449 varietatem
1181 3394 1430 3446 offerunt.
1451 3396 1531 3445 De
1550 3411 1610 3444 re
1634 3411 1727 3443 au·

706 3489 811 3529 tem
838 3476 912 3528 ita
935 3474 1201 3540 Florus,l.
1225 3490 1326 3535 111,
1358 3491 1403 3525 c.
1443 3491 1542 3525 10:
1564 3471 1729 3524 Classe

704 3569 1004 3627 comparata,
1048 3554 1354 3607 Britanniam
1395 3557 1570 3603 transit
1608 3553 1728 3601 mira

704 3637 958 3688 celeritate.
1003 3635 1191 3705 Quippe
1228 3653 1333 3684 cum
1378 3636 1516 3683 tertia
1551 3630 1727 3700 vigilia

701 3715 899 3769 Morino
926 3715 1136 3771 solvisset
1165 3734 1190 3763 e
1207 3725 1375 3784 portu,
1405 3715 1557 3764 minus
1584 3729 1726 3785 quarn

702 3797 854 3848 medio
873 3796 952 3848 die
977 3794 1178 3847 ansulam
1197 3797 1433 3862 ingressus
1455 3803 1540 3845 est.
1569 3791 1726 3843 Plena

700 3892 840 3945 erant
866 3876 1067 3927 tumultu
1088 3874 1268 3925 hostico
1288 3874 1477 3935 littora,
1498 3884 1545 3924 et
1577 3872 1723 3940 trepi-

697 3956 867 4006 dantia
913 3956 983 4007 ad
1010 3965 1302 4025 conspectum
1340 3958 1411 4004 rei
1444 3973 1580 4006 πονιτ
1613 3969 1722 4003 car-

692 4046 840 4102 penta
859 4033 1144 4086 volitabant.
1169 4034 1338 4106 Itaque
1352 4032 1606 4102 trepidatio
1622 4047 1721 4103 pro

705 4114 902 4163 victoria
933 4115 1055 4179 suit.

778 4189 906 4242 Cu».
938 4192 1038 4244 lx.
1083 4208 1133 4244 1.
1177 4190 1462 4243 Cohortibus
1510 4208 1562 4243 x.
1599 4191 1720 4243 Una

1817 2280 1955 2351 legio
1985 2282 2257 2333 constabat
2282 2279 2464 2334 decem
2492 2282 2799 2336 cohortibus
2817 2322 2832 2347 ,

1820 2373 1873 2412 et
1923 2379 2031 2413 ccc
2079 2360 2371 2432 equitibus,
2403 2360 2459 2413 id
2509 2373 2612 2427 eut,
2657 2361 2831 2416 decem

1820 2440 2114 2494 tricenariis
2136 2441 2324 2494 turmis
2339 2478 2357 2506 ,
2378 2442 2706 2512 temporibus
2721 2442 2827 2495 scil.

1817 2519 2153 2592 reipublicae;
2180 2539 2305 2573 nam
2333 2532 2513 2592 postea
2539 2520 2830 2594 duplicatus

1818 2611 1896 2652 est
1922 2619 2175 2653 numerus
2189 2639 2206 2666 ,
2221 2613 2273 2653 et
2294 2602 2495 2672 equites
2513 2601 2570 2657 in
2587 2622 2693 2656 una
2709 2622 2832 2674 qua-

1817 2698 1921 2751 que
1950 2681 2156 2751 legione
2195 2679 2263 2733 ad
2298 2699 2525 2734 nocxxvr
2555 2681 2831 2753 aliquando

1817 2772 2177 2813 numerantur.
2205 2763 2275 2813 At
2291 2779 2512 2833 quaeque
2529 2763 2722 2815 cohors
2733 2775 2833 2815 tres

1818 2840 2113 2911 manipulos
2138 2839 2362 2893 habebat
2377 2877 2393 2905 ,
2415 2842 2689 2913 manipulo
2706 2862 2831 2915 quo-

1817 2937 1921 2989 que
1958 2918 2224 2990 tripartito
2258 2921 2316 2972 in
2346 2920 2605 2986 hastatos,
2636 2923 2833 2994 princi·

1816 3018 1940 3069 pes,
1968 3000 2176 3052 triarios
2195 3036 2212 3063 ,
2250 3018 2372 3052 cum
2411 3001 2518 3052 suis
2569 3002 2830 3055 velitibus.

1817 3076 2006 3143 Unde,
2038 3098 2205 3150 quum
2230 3081 2368 3150 justa
2398 3080 2662 3152 plenaque
2704 3096 2834 3135 esset

1812 3155 1951 3228 legio
1966 3195 1983 3222 ,
2002 3159 2192 3211 cohors
2208 3161 2518 3213 numerabat
2533 3178 2723 3213 ccccxx
2751 3181 2833 3213 ar·

1815 3249 1984 3289 matos
2027 3257 2148 3290 cum
2194 3238 2409 3309 triginta
2451 3239 2733 3310 equitibus.
2777 3241 2830 3293 Si

1815 3317 2025 3388 plenior
2053 3329 2186 3370 esset
2217 3317 2502 3389 legiO,scil.
2521 3316 2636 3370 adv
2662 3319 2747 3371 vel
2770 3338 2827 3370 vt

1815 3397 1926 3449 mil.
1955 3397 2158 3449 homin.
2178 3396 2434 3467 perducta
2448 3436 2465 3464 ,
2481 3396 2667 3451 cohors
2690 3416 2830 3469 quae·

1814 3493 1920 3546 que
1943 3489 2055 3529 erat
2069 3481 2417 3549 quingentaria‚
2436 3477 2517 3529 vel
2538 3481 2829 3530 sexcenaria.

1812 3554 1928 3607 Hoc
1959 3569 2135 3608 autem
2166 3555 2283 3609 loco
2326 3550 2586 3629 legionem
2624 3557 2831 3611 efficere

1811 3647 1985 3705 posset
2016 3654 2267 3689 numerus
2298 3638 2427 3703 iste3
2445 3656 2569 3689 nam
2594 3636 2726 3690 dicit
2745 3657 2831 3691 co-

1811 3714 2057 3768 hortibus
2078 3735 2135 3780 x;
2154 3714 2245 3769 sed
2263 3715 2385 3770 ideo
2402 3736 2511 3769 non
2533 3717 2830 3789 appellatim

1811 3795 2050 3847 nominat
2072 3797 2360 3867 legionem,
2384 3796 2508 3868 quia
2529 3796 2667 3848 forte
2686 3810 2829 3851 erant

1811 3892 1875 3925 ex
1906 3874 2147 3945 pluribus
2174 3876 2470 3948 legionibus
2499 3874 2715 3930 delecta
2745 3895 2831 3929 co·

1810 3953 2008 4007 hortea.

1896 4053 1947 4087 2.
1984 4034 2177 4087 Veritus
2190 4035 2399 4088 nas-ibus.
2416 4034 2503 4087 Sic
2528 4035 2641 4088 Cic.
2670 4034 2831 4089 Acad.

1811 4112 1879 4178 Q.
1912 4130 2000 4179 lv,
2032 4114 2103 4178 45
2130 4133 2144 4167 ;
2172 4135 2259 4165 vos
2281 4116 2652 4167 miltiveremini.

1892 4192 1942 4245 3.
1974 4193 2135 4247 Molli.
2162 4194 2335 4247 Nullis
2364 4196 2596 4265 scopulis
2621 4194 2834 4266 pericn-
