3111 5147
750 547 850 639 94
1035 544 1110 612 C.
1163 542 1442 611 JULII
1497 540 1958 609 CAESARIS
2010 538 2556 608 COMMENT.

746 700 904 745 usus
964 674 1408 744 misericordia
1448 672 1783 740 videretur
1806 725 1826 759 ,
1869 669 2358 766 diligentissime
2411 674 2871 763 conservavit3

747 784 1008 875 suisque
1029 781 1269 850 finibus
1288 766 1310 803 ⁵
1347 793 1542 873 atque
1571 778 1828 873 oppidis
1855 779 1952 847 uti
1977 779 2167 870 jussit
2187 831 2206 866 ,
2234 791 2302 845 et
2343 777 2635 846 finitimis
2673 779 2875 874 impe-

748 890 955 975 ravit,
995 902 1072 956 ut
1108 887 1193 955 ab
1234 887 1472 979 injuria
1512 899 1582 953 et
1621 883 1943 952 maleficio
1986 908 2056 953 se
2098 907 2380 978 suosque
2422 881 2870 979 prohiberent.

852 996 1108 1062 XXJX.
1154 992 1499 1079 Atuatuci,
1549 989 1633 1058 de
1671 990 1910 1083 quibus
1953 1013 2153 1084 supra
2203 991 2580 1084 scripsimus
2601 1042 2620 1077 ,
2664 1014 2871 1085 quum

746 1101 1055 1169 omnibus
1100 1099 1307 1193 copiis
1341 1094 1580 1165 auxilio
1614 1097 1874 1165 Nerviis
1910 1097 2211 1164 venirent
2225 1148 2244 1183 ,
2280 1095 2408 1164 hac
2443 1118 2667 1191 pugna
2709 1120 2875 1166 nun-

748 1208 916 1277 ciata
945 1258 966 1293 ,
1005 1230 1091 1274 ex.
1150 1206 1379 1273 itinere
1400 1201 1418 1226 ¹
1455 1202 1732 1271 domum
1801 1217 2253 1289 reverterunt,
2295 1203 2550 1270 cunctis
2613 1204 2872 1297 oppidis

747 1310 1154 1405 castellisque
1184 1310 1489 1397 desertis,
1513 1333 1633 1377 sua
1667 1309 1891 1377 omnia
1925 1309 1994 1375 in
2033 1330 2242 1377 unum
2275 1307 2592 1402 oppidum
2617 1306 2664 1395 ²,
2684 1328 2871 1404 egre-

746 1420 852 1512 gie
891 1431 1126 1486 natura
1166 1417 1493 1486 munitum
1513 1468 1537 1503 ‚
1570 1414 2007 1484 contulerunt.
2053 1413 2255 1502 Quod
2297 1438 2502 1507 quum
2538 1436 2618 1482 cx
2660 1419 2871 1485 omni·

745 1524 872 1593 bus
904 1525 973 1591 in
1013 1524 1291 1592 circuitu
1320 1521 1619 1616 partibus
1646 1519 1988 1591 altissimas
2017 1544 2214 1614 rupes
2249 1520 2725 1616 despectusque
2753 1523 2870 1591 ha-

744 1630 966 1718 beret,
995 1653 1129 1698 una
1154 1652 1235 1698 ex
1277 1642 1465 1722 parte
1495 1625 1728 1696 leniter
1769 1626 2033 1697 acclivis
2073 1626 2286 1695 aditus
2304 1679 2323 1714 ,
2361 1627 2429 1694 in
2464 1625 2869 1698 latitudinem

744 1760 881 1806 non
922 1734 1202 1830 amplius
1237 1736 1355 1804 CC
1398 1732 1644 1827 pedum
1664 1786 1684 1819 ,
1710 1732 2240 1827 relinquebatur:
2272 1757 2468 1850 quem
2509 1732 2732 1803 locum
2762 1735 2871 1804 du-

744 1841 899 1936 plici
933 1841 1251 1911 altissimo
1292 1862 1487 1908 muro
1520 1840 1932 1927 munierant3
1959 1853 2104 1907 tum
2133 1840 2353 1932 magni
2381 1839 2692 1933 ponderis
2719 1862 2870 1910 saxa

746 1963 814 2016 et
866 1961 1228 2075 praeacutas
1268 1945 1487 2014 trabes
1537 1946 1607 2012 in
1656 1970 1852 2014 muro
1893 1943 2311 2014 collocarant.
2367 1946 2502 2039 Ipsi
2560 1960 2752 2014 erant
2791 1972 2868 2016 ex

747 2036 1066 2122 Cimbris³
1079 2053 1522 2146 Teutonisque
1550 2052 1896 2145 prognati3
1925 2052 2039 2146 qui
2055 2104 2076 2139 ,
2103 2074 2308 2144 quum
2345 2052 2469 2120 iter
2499 2053 2568 2119 in
2602 2055 2869 2146 provin·

746 2160 916 2229 ciam
967 2173 1261 2228 nostram
1302 2172 1499 2252 atque
1552 2155 1813 2225 Italiam
1868 2156 2198 2244 facerent,
2225 2158 2302 2225 iis
2344 2157 2868 2252 impedimentis,

745 2290 891 2360 quae
932 2290 1157 2335 secum
1197 2289 1394 2360 agere
1433 2290 1513 2335 ac
1555 2277 1824 2359 portare
1864 2289 2001 2333 non
2044 2276 2384 2358 poterant,
2419 2265 2584 2333 citra
2623 2265 2869 2335 flumen

628 2426 635 2437 .
744 2372 1057 2443 Rhenum
1115 2371 1469 2467 depositis,
1515 2370 1827 2441 custodiae
1890 2394 1971 2439 ex
2034 2371 2166 2438 suis
2232 2394 2310 2440 ac
2369 2359 2720 2464 praesidio⁴
2760 2397 2869 2441 sex

744 2477 944 2548 millia
984 2479 1333 2548 hominum
1379 2462 1595 2567 [una⁵
1615 2468 1640 2566 ]
1679 2475 2101 2570 reliquerunt.
2131 2478 2258 2564 Hi,
2283 2491 2436 2571 post
2468 2501 2702 2547 eorum
2739 2477 2870 2547 obi-

744 2600 888 2654 tum
900 2570 1198 2655 ⁶multos
1242 2609 1452 2653 annos
1500 2609 1541 2653 a
1590 2583 1882 2654 finitimis
1930 2584 2276 2678 exagitati,
2297 2607 2504 2677 quum
2543 2583 2703 2654 alias
2735 2584 2866 2654 bel-

743 2689 881 2759 lum
924 2690 1278 2778 inferrent,
1312 2688 1469 2758 alias
1497 2688 1750 2759 illatum
1779 2689 2243 2777 defenderent,
2272 2713 2596 2760 consensu
2637 2716 2866 2761 eorum

727 2797 1040 2865 ‚omnium
1099 2820 1263 2892 pace
1326 2795 1500 2867 facta
1523 2850 1544 2888 ,
1593 2795 1773 2866 hunc
1833 2796 1955 2865 sibi
2013 2793 2343 2865 domicilio
2407 2794 2631 2866 locum
2696 2797 2865 2867 dele-

739 2916 998 2997 gerunt.

826 3081 877 3134 5.
893 3079 1410 3155 Suoquefiaibuam.
1423 3080 1765 3153 Eteoojmsit

739 3160 821 3214 uti
847 3161 956 3215 suis
985 3159 1228 3234 oppidis,
1256 3159 1314 3214 id
1331 3173 1434 3225 est,
1451 3177 1764 3215 conservare

733 3256 831 3293 tua
864 3239 1091 3312 oppida,
1118 3254 1172 3294 et
1199 3260 1322 3294 suos
1349 3240 1482 3293 fines
1511 3242 1760 3311 integros.

818 3320 948 3374 Ου’.
982 3320 1186 3374 XXIX.
1225 3337 1275 3374 1.
1301 3321 1492 3373 Itinere.
1530 3321 1597 3372 In
1639 3318 1760 3373 cod.

736 3399 912 3471 primo
926 3399 1188 3452 Vossiano
1204 3399 1398 3470 legitur
1417 3403 1566 3461 bum,
1583 3417 1765 3470 supro-

735 3479 935 3550 scripto
951 3481 1004 3531 ti.
1019 3478 1440 3572 AtinBougarsii
1449 3476 1758 3549 primoood.

735 3559 981 3610 omnium
1012 3558 1405 3629 antiquissimo,
1436 3561 1567 3609 item.
1601 3555 1762 3623 Quod

736 3637 958 3690 verbum
978 3649 1165 3691 notatu
1188 3635 1557 3709 dignissimum
1567 3637 1764 3708 reperi-

734 3729 826 3769 tur
849 3717 907 3768 in
924 3717 1196 3770 nonnullis
1213 3729 1339 3769 vett.
1363 3716 1567 3789 scriptt.
1589 3734 1761 3769 roma-

734 3797 849 3861 nis,
874 3797 1165 3868 prasertim
1195 3797 1251 3849 in
1282 3795 1470 3849 Noevio
1499 3809 1552 3849 et
1580 3796 1757 3863 Attio·

733 3877 844 3929 imo
858 3895 942 3948 tp.
954 3876 1310 3948 Propertium,
1320 3876 1358 3927 l.
1373 3876 1445 3942 11,
1454 3876 1582 3947 eleg.
1598 3896 1652 3942 x,
1666 3883 1755 3939 40.

1022 3995 1283 4010 .........
1304 3972 1539 4009 mento

771 4025 875 4072 Hoc
894 4026 1005 4071 icere
1025 4025 1085 4071 nd
1107 4025 1285 4088 lapides
1301 4041 1414 4072 cam
1434 4025 1593 4072 venire
1610 4039 1755 4072 meos.

733 4112 809 4165 Ut
856 4114 931 4166 sic
984 4110 1267 4167 declinatio
1320 4113 1554 4167 nominis
1610 4112 1705 4166 fiat
1735 4131 1755 4178 ς

730 4195 843 4253 iter,
876 4197 1041 4255 iteris,
1081 4198 1220 4257 itere,
1254 4193 1456 4249 Contra
1495 4194 1555 4246 in
1594 4193 1753 4257 aliis3

729 4272 898 4335 itiner,
926 4275 1137 4336 itineris,
1172 4277 1353 4326 isiaca-e.
1393 4290 1460 4326 ex
1499 4269 1747 4325 Oudend.

1850 3078 2032 3131 Nostri
2047 3076 2255 3132 codices
2267 3078 2465 3133 hubent
2484 3097 2668 3133 omnes
2685 3083 2866 3133 itinn-e.

1933 3178 1983 3212 ι.
2017 3159 2078 3210 In
2106 3177 2249 3210 unm
2276 3159 2515 3229 oppidum.
2545 3157 2672 3212 vid.
2697 3157 2862 3212 Indic-

1846 3256 2022 3309 geogr.
2037 3236 2300 3292 advocem
2324 3239 2574 3292 Atuatuci.

1932 3319 1983 3371 3.
2017 3319 2119 3387 Ipsi
2146 3331 2286 3369 erant
2302 3340 2363 3370 ex
2388 3318 2609 3371 Cimbris.
2642 3319 2799 3371 Dion.
2826 3317 2861 3370 l.

1846 3415 2026 3462 xxxix,
2048 3403 2082 3459 4
2099 3398 2234 3467 :Kq'zv
2249 3399 2409 3468 τούτῳ
2422 3391 2730 3455 Ᾰτουατυιοὶ,
2747 3404 2865 3453 πλη·

1847 3476 2067 3546 otigo-pei
2088 3495 2143 3528 τι
2172 3479 2337 3538 αὐτοῖς
2361 3478 2511 3538 ὄντας,
2529 3477 2612 3530 καὶ
2636 3479 2694 3530 fb
2712 3479 2866 3548 γένυς,

1845 3556 1905 3608 τό
1918 3575 1971 3607 τι
1989 3557 2208 3626 φρόνημα
2228 3552 2368 3618 (scil.
2393 3557 2596 3610 animos
2617 3555 2864 3609 etodium

1845 3634 1902 3686 in
1917 3632 2202 3697 Romanos)
2214 3636 2272 3689 τὸ
2291 3644 2386 3688 τῶν
2408 3641 2473 3689 xi
2476 3635 2640 3707 μῧρυν
2657 3638 2862 3704 ἔχοντες.

1927 3720 1980 3777 4.
2012 3713 2310 3769 Custodia...
2317 3717 2583 3787 ,pm-sidio.
2605 3715 2689 3768 Al.
2717 3726 2868 3767 anto·

1843 3792 2030 3846 diam...
2036 3795 2358 3865 ,prasidimm
2391 3796 2694 3868 Pet-peram.

1928 3874 1980 3927 5.
2003 3873 2128 3927 Una.
2145 3874 2380 3927 Omnino
2399 3874 2657 3928 abundat:
2671 3876 2866 3926 Exter-

1842 3953 2130 4007 minatione
2143 3955 2362 4027 repetita
2372 3956 2516 4008 vocis
2523 3953 2865 4027 praecedentis

1841 4046 2022 4087 ortum
2053 4032 2284 4094 videtur,
2314 4035 2498 4088 Nostri
2534 4033 2742 4088 codices
2783 4045 2861 4085 ta·

1841 4131 1964 4166 men
1990 4114 2188 4168 habent
2214 4133 2326 4168 una.

1922 4196 1977 4248 6.
2009 4195 2135 4245 Post
2163 4213 2320 4246 eorum
2357 4193 2550 4247 obitum.
2584 4195 2706 4247 Scil.
2745 4202 2864 4265 post

1783 4327 1788 4332 ,
1838 4271 2036 4327 caedem
2072 4272 2413 4328 Cimbrorum
2452 4288 2506 4328 et
2535 4274 2857 4329 Teutonum
