3111 5147
209 515 2322 550 mmmmmmmmmmm

216 711 791 803 ERUDITO
857 711 1395 803 LECTORI
1464 714 1625 802 ET
1687 717 2352 813 BENEVOLO

1100 941 1176 1023 S.
1231 943 1312 1019 P.
1371 943 1467 1021 D.

652 1175 792 1277 N.
876 1175 997 1275 E.
1082 1168 1907 1279 LEMAIRE.

227 1585 521 1706 Effusis
539 1688 559 1720 ,
602 1654 683 1701 ut
719 1661 831 1726 par
864 1656 1003 1704 erat
1050 1655 1114 1704 et
1152 1657 1474 1728 quantum
1516 1641 1733 1725 licuit,
1775 1643 1973 1708 animi
2012 1648 2358 1736 gratissimi

226 1751 529 1816 sensibus
569 1773 717 1840 erga
749 1754 1069 1841 optimum
1113 1755 1384 1844 Regem,
1412 1756 1557 1843 qui,
1595 1778 1716 1844 pro
1752 1779 1875 1822 suo
1910 1759 1979 1823 in
2015 1760 2257 1826 litteras
2293 1781 2361 1829 et

224 1857 391 1921 viros
436 1857 754 1925 litteratos
788 1880 1035 1940 amore,
1066 1838 1339 1924 consilio
1374 1877 1602 1925 nostro
1637 1861 1961 1952 benignus
1997 1867 2237 1951 arrisit3
2262 1886 2360 1953 et,

226 1963 409 2052 quod
451 1980 586 2027 erat
620 1964 685 2028 in
714 1966 879 2030 votis
907 1966 1350 2053 potissimum,
1379 1990 1544 2056 opus
1581 1967 1760 2032 haud
1796 1969 2141 2061 indignum
2179 1998 2366 2063 repu-

226 2071 421 2151 tavit,
459 2069 639 2157 quod
690 2072 1190 2136 sacratissimum
1242 2072 1558 2137 Lunovlct
1611 2095 1850 2138 nomeu
1901 2077 2024 2141 sibi
2072 2081 2362 2167 praeseri-

228 2173 445 2256 beret3
482 2176 608 2239 hoc
634 2199 845 2241 unum
879 2193 1240 2265 supererat,
1270 2194 1345 2242 ut
1380 2179 1518 2260 hic,
1546 2178 1629 2243 ad
1667 2182 2111 2268 exponendam
2161 2187 2363 2251 totius

230 2281 517 2345 instituti
554 2282 901 2364 rationem,
937 2305 1142 2371 pauca
1176 2283 1626 2370 praefaremur,
1664 2283 1903 2371 quibus
1941 2286 2102 2374 quid
2137 2289 2362 2353 feceri-

233 2408 370 2451 mus
413 2385 711 2467 judicent
748 2389 1091 2475 aequiores,
1135 2390 1249 2477 qui
1286 2388 1514 2457 melius
1567 2389 2025 2475 intellexerint,
2060 2392 2221 2480 quid
2269 2396 2363 2459 fa-

233 2492 539 2557 ciendum
576 2493 766 2557 nobis
798 2493 1186 2573 jamdudum
1224 2495 1778 2583 proposuerimus.

312 2601 445 2664 Vix
467 2601 537 2664 in
558 2602 896 2688 publicum
924 2604 1158 2668 emisso
1181 2603 1524 2691 scriptores
1547 2603 1782 2667 latinos
1806 2603 2041 2670 edendi
2064 2609 2363 2692 consiliu,

235 2706 425 2770 multi
466 2705 819 2770 doluerunt
855 2730 931 2771 ex
967 2708 1185 2772 animo
1234 2706 1679 2772 conditionem
1717 2725 2033 2792 nostram,
2072 2713 2187 2799 qui
2233 2730 2364 2776 tam

237 2832 426 2898 grave
463 2813 630 2875 tanti
664 2814 877 2900 operis
914 2835 1082 2877 onus
1128 2813 1483 2902 imparibus
1518 2814 1808 2877 humeris
1844 2817 2366 2904 suscepissemus.

241 2914 356 2979 Sed
382 2933 674 3006 augusto
709 2917 1069 3005 patrocinio
1096 2919 1239 2982 freti
1256 2967 1275 2999 ,
1298 2918 1689 3007 collegarum
1717 2935 1781 2981 et
1806 2919 2234 2985 litteratorum
2271 2923 2369 2985 vi-

240 3042 498 3102 rorum,
538 3023 652 3110 qui
710 3045 777 3086 se
825 3023 1035 3087 socios
1084 3024 1258 3104 ultro
1303 3024 1702 3106 obtulerant,
1732 3025 2063 3111 promissis
2099 3026 2371 3104 confisi,

240 3127 595 3194 faventium
638 3145 867 3194 nostro
908 3128 1116 3196 labori
1151 3130 1390 3199 civium
1441 3129 1674 3198 studiis
1709 3129 1945 3213 adjuti,
1984 3131 2219 3220 opibus
2256 3132 2374 3197 de-

243 3233 438 3322 nique
475 3235 841 3328 sustentanti,
872 3257 1031 3323 quas
1063 3235 1236 3324 large
1272 3235 1491 3300 fundit
1522 3258 1658 3299 non
1689 3231 1907 3304 minus
1929 3237 2154 3302 litteris
2176 3262 2373 3327 quam

242 3343 455 3427 patriae
480 3363 628 3404 cara
662 3353 735 3404 et'
764 3342 1118 3405 inserviens
1155 3365 1386 3406 manus
1414 3341 1541 3429 (1),
1575 3365 1695 3407 nos
1720 3343 1973 3407 fortiter
1995 3361 2060 3408 et
2085 3346 2373 3409 animose

242 3444 315 3508 ad
343 3468 523 3537 opus
551 3445 995 3514 inchoandum
1017 3448 1433 3514 accinximus.
1466 3448 1526 3510 N
1529 3470 1603 3511 ec
1631 3448 1864 3512 auxilia
1893 3450 2236 3530 cujuslibet
2261 3473 2376 3538 ge-

243 3553 407 3616 neris
430 3551 721 3617 deerant.
748 3553 1041 3622 Primum
1067 3570 1381 3618 nostrates
1406 3552 1892 3640 advocavimus,
1915 3555 2316 3643 quicumque
2338 3580 2376 3618 a

241 3658 461 3743 primis
500 3658 979 3726 renascentium
1015 3659 1373 3728 litterarum
1403 3658 1808 3746 temporibus
1844 3682 2055 3746 usque
2090 3660 2173 3726 ad
2209 3661 2378 3726 hanc

244 3780 525 3847 aetatem,
567 3763 633 3825 in
674 3780 850 3828 tanta
883 3781 1174 3829 veterum
1203 3765 1616 3853 ingeniorum
1651 3764 1828 3847 luce,
1862 3764 1976 3828 sed
2006 3766 2197 3832 etiam
2233 3782 2377 3831 tum

245 3866 436 3934 dubia
476 3886 544 3933 et
591 3870 773 3956 quasi
823 3870 1130 3960 maligna,
1171 3891 1404 3934 novam
1454 3869 1666 3933 lucem
1716 3868 2048 3958 diligentia
2096 3888 2161 3935 et
2207 3873 2379 3936 curis

319 4128 339 4190 ί
359 4152 382 4186 1
406 4131 504 4196 ).ῐ.
534 4132 807 4190 Lnrrru
822 4172 837 4198 ,
868 4134 1129 4206 banquier
1146 4146 1199 4187 et
1224 4132 1423 4206 depute
1441 4132 1509 4186 de·
1532 4134 1695 4186 Paris.
