<?xml version="1.0" encoding="UTF-8"?>
<!DOCTYPE html PUBLIC "-//W3C//DTD XHTML 1.0 Transitional//EN"
    "http://www.w3.org/TR/xhtml1/DTD/xhtml1-transitional.dtd">
<html xmlns="http://www.w3.org/1999/xhtml" xml:lang="en" lang="en">
 <head>
  <title>
</title>
<meta http-equiv="Content-Type" content="text/html;charset=utf-8" />
  <meta name='ocr-system' content='tesseract 3.04.00' />
  <meta name='ocr-capabilities' content='ocr_page ocr_carea ocr_par ocr_line ocrx_word'/>
</head>
<body>
  <div class='ocr_page' id='page_1' title='image "./caesaradbodices00caesgoog_0094.png"; bbox 0 0 3111 5147; ppageno 0'>
   <div class='ocr_carea' id='block_1_1' title="bbox 727 559 826 649">
    <p class='ocr_par' dir='ltr' id='par_1_1' title="bbox 727 559 826 649">
     <span class='ocr_line' id='line_1_1' title="bbox 727 559 826 649; baseline 0 -20"><span class='ocrx_word' id='word_1_1' title='bbox 727 559 826 649; x_wconf 75' lang='lat'>60</span> 
     </span>
    </p>
   </div>
   <div class='ocr_carea' id='block_1_2' title="bbox 1011 553 2537 627">
    <p class='ocr_par' dir='ltr' id='par_1_2' title="bbox 1011 553 2537 627">
     <span class='ocr_line' id='line_1_2' title="bbox 1011 553 2537 627; baseline -0.004 -1"><span class='ocrx_word' id='word_1_2' title='bbox 1011 560 1086 627; x_wconf 91' lang='lat' dir='ltr'>C.</span> <span class='ocrx_word' id='word_1_3' title='bbox 1140 556 1421 625; x_wconf 85' lang='lat' dir='ltr'>JULII</span> <span class='ocrx_word' id='word_1_4' title='bbox 1474 554 1939 624; x_wconf 84' lang='lat' dir='ltr'><strong>CAESARIS</strong></span> <span class='ocrx_word' id='word_1_5' title='bbox 1992 553 2537 623; x_wconf 83' lang='lat' dir='ltr'>COMMENT.</span> 
     </span>
    </p>
   </div>
   <div class='ocr_carea' id='block_1_3' title="bbox 725 683 2850 1441">
    <p class='ocr_par' dir='ltr' id='par_1_3' title="bbox 725 683 2850 1419">
     <span class='ocr_line' id='line_1_3' title="bbox 727 683 2842 786; baseline -0.003 -26"><span class='ocrx_word' id='word_1_6' title='bbox 727 689 1035 786; x_wconf 83' lang='lat' dir='ltr'>produxit</span> <span class='ocrx_word' id='word_1_7' title='bbox 1078 704 1148 760; x_wconf 90' lang='lat' dir='ltr'>et</span> <span class='ocrx_word' id='word_1_8' title='bbox 1185 690 1391 757; x_wconf 84' lang='lat' dir='ltr'><strong>aciem</strong></span> <span class='ocrx_word' id='word_1_9' title='bbox 1440 688 1830 756; x_wconf 83' lang='lat' dir='ltr'>instructam</span> <span class='ocrx_word' id='word_1_10' title='bbox 1878 685 2148 775; x_wconf 86' lang='lat' dir='ltr'>habuit,</span> <span class='ocrx_word' id='word_1_11' title='bbox 2177 700 2289 776; x_wconf 8' lang='lat' dir='ltr'>qut,</span> <span class='ocrx_word' id='word_1_12' title='bbox 2320 687 2373 755; x_wconf 91' lang='lat' dir='ltr'>si</span> <span class='ocrx_word' id='word_1_13' title='bbox 2412 683 2610 753; x_wconf 86' lang='lat' dir='ltr'>vellet</span> <span class='ocrx_word' id='word_1_14' title='bbox 2654 686 2842 754; x_wconf 78' lang='lat' dir='ltr'>Ario·</span> 
     </span>
     <span class='ocr_line' id='line_1_4' title="bbox 725 790 2846 890; baseline -0.002 -27"><span class='ocrx_word' id='word_1_15' title='bbox 725 799 932 865; x_wconf 85' lang='lat' dir='ltr'>vistus</span> <span class='ocrx_word' id='word_1_16' title='bbox 971 794 1196 890; x_wconf 84' lang='lat' dir='ltr'>praelio</span> <span class='ocrx_word' id='word_1_17' title='bbox 1252 794 1686 881; x_wconf 85' lang='lat' dir='ltr'>contendere,</span> <span class='ocrx_word' id='word_1_18' title='bbox 1722 795 1783 863; x_wconf 88' lang='lat' dir='ltr'>ei</span> <span class='ocrx_word' id='word_1_19' title='bbox 1821 807 2109 888; x_wconf 76' lang='lat' dir='ltr'>potestas</span> <span class='ocrx_word' id='word_1_20' title='bbox 2162 816 2297 860; x_wconf 91' lang='lat' dir='ltr'>non</span> <span class='ocrx_word' id='word_1_21' title='bbox 2342 790 2612 861; x_wconf 88' lang='lat' dir='ltr'>deesset.</span> <span class='ocrx_word' id='word_1_22' title='bbox 2656 792 2846 860; x_wconf 84' lang='lat' dir='ltr'>Ario·</span> 
     </span>
     <span class='ocr_line' id='line_1_5' title="bbox 727 898 2845 986; baseline -0.003 -14"><span class='ocrx_word' id='word_1_23' title='bbox 727 905 933 972; x_wconf 84' lang='lat' dir='ltr'>vistus</span> <span class='ocrx_word' id='word_1_24' title='bbox 979 903 1084 970; x_wconf 86' lang='lat' dir='ltr'>his</span> <span class='ocrx_word' id='word_1_25' title='bbox 1136 901 1441 969; x_wconf 88' lang='lat' dir='ltr'>omnibus</span> <span class='ocrx_word' id='word_1_26' title='bbox 1496 900 1724 968; x_wconf 90' lang='lat' dir='ltr'>diebus</span> <span class='ocrx_word' id='word_1_27' title='bbox 1780 902 2136 968; x_wconf 85' lang='lat' dir='ltr'>exercitum</span> <span class='ocrx_word' id='word_1_28' title='bbox 2196 898 2423 967; x_wconf 86' lang='lat' dir='ltr'>castris</span> <span class='ocrx_word' id='word_1_29' title='bbox 2486 899 2845 986; x_wconf 90' lang='lat' dir='ltr'>continuit;</span> 
     </span>
     <span class='ocr_line' id='line_1_6' title="bbox 728 988 2845 1103; baseline -0.003 -27"><span class='ocrx_word' id='word_1_30' title='bbox 728 1010 1011 1103; x_wconf 86' lang='lat' dir='ltr'>equestri</span> <span class='ocrx_word' id='word_1_31' title='bbox 1049 1006 1273 1102; x_wconf 81' lang='lat' dir='ltr'>praelio</span> <span class='ocrx_word' id='word_1_32' title='bbox 1317 1005 1607 1101; x_wconf 87' lang='lat' dir='ltr'>quotidie</span> <span class='ocrx_word' id='word_1_33' title='bbox 1651 1004 2006 1074; x_wconf 88' lang='lat' dir='ltr'>contendit.</span> <span class='ocrx_word' id='word_1_34' title='bbox 2051 1007 2279 1073; x_wconf 90' lang='lat' dir='ltr'>Genus</span> <span class='ocrx_word' id='word_1_35' title='bbox 2320 1004 2450 1072; x_wconf 90' lang='lat' dir='ltr'>hoc</span> <span class='ocrx_word' id='word_1_36' title='bbox 2500 1017 2645 1071; x_wconf 87' lang='lat' dir='ltr'>erat</span> <span class='ocrx_word' id='word_1_37' title='bbox 2681 988 2845 1098; x_wconf 52' lang='lat' dir='ltr'>pug-</span> 
     </span>
     <span class='ocr_line' id='line_1_7' title="bbox 730 1107 2850 1207; baseline -0.001 -25"><span class='ocrx_word' id='word_1_38' title='bbox 730 1139 861 1199; x_wconf 84' lang='lat' dir='ltr'>nae,</span> <span class='ocrx_word' id='word_1_39' title='bbox 899 1139 1030 1207; x_wconf 91' lang='lat' dir='ltr'>quo</span> <span class='ocrx_word' id='word_1_40' title='bbox 1080 1137 1149 1181; x_wconf 90' lang='lat' dir='ltr'>se</span> <span class='ocrx_word' id='word_1_41' title='bbox 1193 1113 1507 1182; x_wconf 85' lang='lat' dir='ltr'>Germani</span> <span class='ocrx_word' id='word_1_42' title='bbox 1555 1126 1999 1181; x_wconf 85' lang='lat' dir='ltr'>exercuerant.</span> <span class='ocrx_word' id='word_1_43' title='bbox 2052 1112 2366 1204; x_wconf 88' lang='lat' dir='ltr'>Equitum</span> <span class='ocrx_word' id='word_1_44' title='bbox 2413 1107 2616 1177; x_wconf 88' lang='lat' dir='ltr'>millia</span> <span class='ocrx_word' id='word_1_45' title='bbox 2660 1124 2850 1179; x_wconf 86' lang='lat' dir='ltr'>erant</span> 
     </span>
     <span class='ocr_line' id='line_1_8' title="bbox 732 1214 2848 1313; baseline -0.002 -26"><span class='ocrx_word' id='word_1_46' title='bbox 732 1244 889 1307; x_wconf 80' lang='lat' dir='ltr'>sex;</span> <span class='ocrx_word' id='word_1_47' title='bbox 930 1218 1203 1287; x_wconf 90' lang='lat' dir='ltr'>totidem</span> <span class='ocrx_word' id='word_1_48' title='bbox 1267 1243 1544 1287; x_wconf 88' lang='lat' dir='ltr'>numero</span> <span class='ocrx_word' id='word_1_49' title='bbox 1595 1219 1845 1313; x_wconf 87' lang='lat' dir='ltr'>pedites</span> <span class='ocrx_word' id='word_1_50' title='bbox 1897 1216 2286 1285; x_wconf 82' lang='lat' dir='ltr'>velocissimi</span> <span class='ocrx_word' id='word_1_51' title='bbox 2342 1240 2419 1283; x_wconf 89' lang='lat' dir='ltr'>ac</span> <span class='ocrx_word' id='word_1_52' title='bbox 2472 1214 2848 1302; x_wconf 76' lang='lat' dir='ltr'>fortissimi3</span> 
     </span>
     <span class='ocr_line' id='line_1_9' title="bbox 733 1307 2850 1441; baseline -0.002 -48"><span class='ocrx_word' id='word_1_53' title='bbox 733 1349 897 1417; x_wconf 88' lang='lat' dir='ltr'>quos</span> <span class='ocrx_word' id='word_1_54' title='bbox 932 1349 1013 1392; x_wconf 87' lang='lat' dir='ltr'>ex</span> <span class='ocrx_word' id='word_1_55' title='bbox 1053 1326 1234 1393; x_wconf 90' lang='lat' dir='ltr'>omni</span> <span class='ocrx_word' id='word_1_56' title='bbox 1268 1326 1460 1419; x_wconf 88' lang='lat' dir='ltr'>copia</span> <span class='ocrx_word' id='word_1_57' title='bbox 1475 1322 1780 1419; x_wconf 80' lang='lat' dir='ltr'>²singuli</span> <span class='ocrx_word' id='word_1_58' title='bbox 1817 1307 2171 1418; x_wconf 84' lang='lat' dir='ltr'>singulos³,</span> <span class='ocrx_word' id='word_1_59' title='bbox 2199 1345 2330 1390; x_wconf 84' lang='lat' dir='ltr'>suae</span> <span class='ocrx_word' id='word_1_60' title='bbox 2357 1318 2579 1441; x_wconf 86' lang='lat' dir='ltr'>salutis</span> <span class='ocrx_word' id='word_1_61' title='bbox 2615 1345 2814 1389; x_wconf 88' lang='lat' dir='ltr'>causa</span> <span class='ocrx_word' id='word_1_62' title='bbox 2830 1375 2850 1409; x_wconf 91' lang='lat'>,</span> 
     </span>
    </p>
   </div>
   <div class='ocr_carea' id='block_1_4' title="bbox 709 1522 1772 4362">
    <p class='ocr_par' dir='ltr' id='par_1_4' title="bbox 709 1522 1772 4362">
     <span class='ocr_line' id='line_1_10' title="bbox 730 1522 1746 1592; baseline 0.001 -11.002"><span class='ocrx_word' id='word_1_63' title='bbox 730 1522 975 1582; x_wconf 72' lang='lat' dir='ltr'>Autumis</span> <span class='ocrx_word' id='word_1_64' title='bbox 993 1541 1043 1581; x_wconf 80' lang='lat' dir='ltr'>et</span> <span class='ocrx_word' id='word_1_65' title='bbox 1060 1530 1126 1582; x_wconf 80' lang='lat' dir='ltr'>les</span> <span class='ocrx_word' id='word_1_66' title='bbox 1149 1528 1576 1583; x_wconf 74' lang='lat' dir='ltr'>Francs-Comtois</span> <span class='ocrx_word' id='word_1_67' title='bbox 1585 1569 1602 1592; x_wconf 87' lang='lat'><em>‚</em></span> <span class='ocrx_word' id='word_1_68' title='bbox 1627 1529 1683 1581; x_wconf 83' lang='lat' dir='ltr'>d&#39;</span> <span class='ocrx_word' id='word_1_69' title='bbox 1683 1529 1746 1582; x_wconf 72' lang='grc' dir='ltr'>οὺ</span> 
     </span>
     <span class='ocr_line' id='line_1_11' title="bbox 709 1606 1747 1673; baseline 0.001 -15"><span class='ocrx_word' id='word_1_70' title='bbox 709 1617 713 1620; x_wconf 76' lang='grc'>’</span> <span class='ocrx_word' id='word_1_71' title='bbox 734 1606 804 1659; x_wconf 72' lang='lat' dir='ltr'>Im·</span> <span class='ocrx_word' id='word_1_72' title='bbox 831 1614 1056 1661; x_wconf 67' lang='lat' dir='ltr'>venalem</span> <span class='ocrx_word' id='word_1_73' title='bbox 1079 1629 1152 1661; x_wconf 79' lang='lat' dir='ltr'>ses</span> <span class='ocrx_word' id='word_1_74' title='bbox 1180 1609 1489 1661; x_wconf 74' lang='lat' dir='ltr'>subsistam-es</span> <span class='ocrx_word' id='word_1_75' title='bbox 1502 1646 1519 1673; x_wconf 91' lang='lat'>,</span> <span class='ocrx_word' id='word_1_76' title='bbox 1539 1627 1747 1659; x_wconf 79' lang='lat' dir='ltr'>commu-</span> 
     </span>
     <span class='ocr_line' id='line_1_12' title="bbox 733 1689 1752 1760; baseline -0.002 -21"><span class='ocrx_word' id='word_1_77' title='bbox 733 1690 943 1739; x_wconf 73' lang='lat' dir='ltr'>nicativa</span> <span class='ocrx_word' id='word_1_78' title='bbox 985 1689 1111 1760; x_wconf 79' lang='lat' dir='ltr'>qu&#39;il</span> <span class='ocrx_word' id='word_1_79' title='bbox 1138 1689 1207 1739; x_wconf 77' lang='lat' dir='ltr'>lui</span> <span class='ocrx_word' id='word_1_80' title='bbox 1246 1691 1366 1739; x_wconf 57' lang='lat' dir='ltr'>&amp;tait</span> <span class='ocrx_word' id='word_1_81' title='bbox 1403 1691 1448 1738; x_wconf 78' lang='lat' dir='ltr'>si</span> <span class='ocrx_word' id='word_1_82' title='bbox 1492 1691 1752 1757; x_wconf 79' lang='lat' dir='ltr'>important</span> 
     </span>
     <span class='ocr_line' id='line_1_13' title="bbox 733 1765 1750 1835; baseline -0.002 -18"><span class='ocrx_word' id='word_1_83' title='bbox 733 1766 773 1817; x_wconf 83' lang='lat' dir='ltr'>d</span> <span class='ocrx_word' id='word_1_84' title='bbox 777 1768 977 1819; x_wconf 60' lang='lat' dir='ltr'>&#39;assur-er</span> <span class='ocrx_word' id='word_1_85' title='bbox 1003 1780 1053 1818; x_wconf 83' lang='lat' dir='ltr'>et</span> <span class='ocrx_word' id='word_1_86' title='bbox 1080 1768 1139 1818; x_wconf 85' lang='lat' dir='ltr'>de</span> <span class='ocrx_word' id='word_1_87' title='bbox 1164 1765 1343 1835; x_wconf 73' lang='lat' dir='ltr'>garder</span> <span class='ocrx_word' id='word_1_88' title='bbox 1344 1805 1485 1818; x_wconf 91' lang='grc'><strong>.....</strong></span> <span class='ocrx_word' id='word_1_89' title='bbox 1528 1766 1750 1817; x_wconf 80' lang='lat' dir='ltr'>L&#39;arme’e</span> 
     </span>
     <span class='ocr_line' id='line_1_14' title="bbox 735 1844 1750 1915; baseline 0 -20"><span class='ocrx_word' id='word_1_90' title='bbox 735 1845 1035 1899; x_wconf 72' lang='lat' dir='ltr'>d&#39;Art&#39;om&#39;ste</span> <span class='ocrx_word' id='word_1_91' title='bbox 1066 1864 1209 1915; x_wconf 75' lang='lat' dir='ltr'>passe</span> <span class='ocrx_word' id='word_1_92' title='bbox 1246 1845 1279 1893; x_wconf 80' lang='grc' dir='ltr'><em>ὰ</em></span> <span class='ocrx_word' id='word_1_93' title='bbox 1320 1844 1444 1894; x_wconf 78' lang='lat' dir='ltr'>deux</span> <span class='ocrx_word' id='word_1_94' title='bbox 1487 1844 1638 1895; x_wconf 80' lang='lat' dir='ltr'>milles</span> <span class='ocrx_word' id='word_1_95' title='bbox 1684 1845 1750 1895; x_wconf 86' lang='lat' dir='ltr'>du</span> 
     </span>
     <span class='ocr_line' id='line_1_15' title="bbox 735 1922 1751 1994; baseline 0.001 -21"><span class='ocrx_word' id='word_1_96' title='bbox 735 1942 872 1994; x_wconf 82' lang='lat' dir='ltr'>camp</span> <span class='ocrx_word' id='word_1_97' title='bbox 901 1926 960 1975; x_wconf 83' lang='lat' dir='ltr'>de</span> <span class='ocrx_word' id='word_1_98' title='bbox 988 1924 1140 1976; x_wconf 84' lang='lat' dir='ltr'>Ce&#39;sar</span> <span class='ocrx_word' id='word_1_99' title='bbox 1166 1942 1276 1974; x_wconf 74' lang='lat' dir='ltr'>avec</span> <span class='ocrx_word' id='word_1_100' title='bbox 1308 1933 1411 1974; x_wconf 81' lang='lat' dir='ltr'>tous</span> <span class='ocrx_word' id='word_1_101' title='bbox 1438 1941 1511 1973; x_wconf 78' lang='lat' dir='ltr'>ses</span> <span class='ocrx_word' id='word_1_102' title='bbox 1539 1922 1751 1992; x_wconf 74' lang='lat' dir='ltr'>bagages</span> 
     </span>
     <span class='ocr_line' id='line_1_16' title="bbox 737 2002 1750 2071; baseline 0.002 -20"><span class='ocrx_word' id='word_1_103' title='bbox 737 2015 787 2051; x_wconf 79' lang='lat' dir='ltr'>et</span> <span class='ocrx_word' id='word_1_104' title='bbox 812 2022 885 2054; x_wconf 81' lang='lat' dir='ltr'>ses</span> <span class='ocrx_word' id='word_1_105' title='bbox 913 2003 1121 2054; x_wconf 78' lang='lat' dir='ltr'>attiraiIs</span> <span class='ocrx_word' id='word_1_106' title='bbox 1151 2002 1211 2052; x_wconf 84' lang='lat' dir='ltr'>de</span> <span class='ocrx_word' id='word_1_107' title='bbox 1231 2020 1433 2070; x_wconf 51' lang='lat' dir='ltr'>gaeum·</span> <span class='ocrx_word' id='word_1_108' title='bbox 1455 2013 1506 2051; x_wconf 84' lang='lat' dir='ltr'>et</span> <span class='ocrx_word' id='word_1_109' title='bbox 1528 2021 1580 2052; x_wconf 83' lang='lat' dir='ltr'>ce</span> <span class='ocrx_word' id='word_1_110' title='bbox 1605 2006 1750 2071; x_wconf 78' lang='lat' dir='ltr'>ge&#39;ne&#39;-</span> 
     </span>
     <span class='ocr_line' id='line_1_17' title="bbox 739 2080 1753 2153; baseline 0.002 -22"><span class='ocrx_word' id='word_1_111' title='bbox 739 2082 819 2132; x_wconf 82' lang='lat' dir='ltr'>ral</span> <span class='ocrx_word' id='word_1_112' title='bbox 844 2085 887 2132; x_wconf 76' lang='lat' dir='ltr'>si</span> <span class='ocrx_word' id='word_1_113' title='bbox 925 2081 1073 2147; x_wconf 67' lang='lat' dir='ltr'>actas,</span> <span class='ocrx_word' id='word_1_114' title='bbox 1110 2083 1193 2153; x_wconf 78' lang='lat' dir='ltr'>qui</span> <span class='ocrx_word' id='word_1_115' title='bbox 1224 2080 1462 2132; x_wconf 71' lang='lat' dir='ltr'>chmhaie</span> <span class='ocrx_word' id='word_1_116' title='bbox 1494 2080 1753 2133; x_wconf 74' lang='lat' dir='ltr'>l&#39;occasc&#39;on</span> 
     </span>
     <span class='ocr_line' id='line_1_18' title="bbox 740 2160 1751 2232; baseline 0.001 -21"><span class='ocrx_word' id='word_1_117' title='bbox 740 2160 799 2211; x_wconf 81' lang='lat' dir='ltr'>de</span> <span class='ocrx_word' id='word_1_118' title='bbox 819 2161 1075 2212; x_wconf 76' lang='lat' dir='ltr'>combam-e</span> <span class='ocrx_word' id='word_1_119' title='bbox 1099 2161 1341 2223; x_wconf 78' lang='lat' dir='ltr'>l&#39;ennemi,</span> <span class='ocrx_word' id='word_1_120' title='bbox 1364 2160 1409 2211; x_wconf 84' lang='lat' dir='ltr'>le</span> <span class='ocrx_word' id='word_1_121' title='bbox 1431 2164 1606 2232; x_wconf 73' lang='lat' dir='ltr'>wyait</span> <span class='ocrx_word' id='word_1_122' title='bbox 1623 2180 1751 2212; x_wconf 81' lang='lat' dir='ltr'>mor·</span> 
     </span>
     <span class='ocr_line' id='line_1_19' title="bbox 739 2239 1755 2312; baseline 0.001 -22"><span class='ocrx_word' id='word_1_123' title='bbox 739 2240 849 2291; x_wconf 71' lang='lat' dir='ltr'>cher</span> <span class='ocrx_word' id='word_1_124' title='bbox 874 2244 918 2291; x_wconf 80' lang='grc' dir='ltr'>.ςὶ</span> <span class='ocrx_word' id='word_1_125' title='bbox 934 2244 1051 2312; x_wconf 67' lang='lat' dir='ltr'>pre&#39;s</span> <span class='ocrx_word' id='word_1_126' title='bbox 1079 2240 1139 2292; x_wconf 84' lang='lat' dir='ltr'>dc</span> <span class='ocrx_word' id='word_1_127' title='bbox 1169 2241 1259 2302; x_wconf 80' lang='lat' dir='ltr'>lui,</span> <span class='ocrx_word' id='word_1_128' title='bbox 1293 2260 1404 2291; x_wconf 83' lang='lat' dir='ltr'>sans</span> <span class='ocrx_word' id='word_1_129' title='bbox 1431 2239 1567 2306; x_wconf 81' lang='lat' dir='ltr'>faire</span> <span class='ocrx_word' id='word_1_130' title='bbox 1598 2259 1755 2292; x_wconf 81' lang='lat' dir='ltr'>aucun</span> 
     </span>
     <span class='ocr_line' id='line_1_20' title="bbox 741 2326 1753 2391; baseline 0.001 -22"><span class='ocrx_word' id='word_1_131' title='bbox 741 2331 1050 2383; x_wconf 63' lang='lat' dir='ltr'>mammem,</span> <span class='ocrx_word' id='word_1_132' title='bbox 1075 2338 1185 2372; x_wconf 74' lang='lat' dir='ltr'>san-5</span> <span class='ocrx_word' id='word_1_133' title='bbox 1209 2326 1353 2371; x_wconf 65' lang='lat' dir='ltr'>meme</span> <span class='ocrx_word' id='word_1_134' title='bbox 1370 2340 1570 2391; x_wconf 74' lang='lat' dir='ltr'>cnmyer</span> <span class='ocrx_word' id='word_1_135' title='bbox 1586 2340 1643 2371; x_wconf 83' lang='lat' dir='ltr'>sa</span> <span class='ocrx_word' id='word_1_136' title='bbox 1670 2340 1753 2370; x_wconf 85' lang='lat' dir='ltr'>ca-</span> 
     </span>
     <span class='ocr_line' id='line_1_21' title="bbox 743 2398 1755 2471; baseline 0 -21"><span class='ocrx_word' id='word_1_137' title='bbox 743 2398 913 2451; x_wconf 74' lang='lat' dir='ltr'>mleric</span> <span class='ocrx_word' id='word_1_138' title='bbox 940 2412 991 2450; x_wconf 81' lang='lat' dir='ltr'>et</span> <span class='ocrx_word' id='word_1_139' title='bbox 1006 2420 1078 2451; x_wconf 80' lang='lat' dir='ltr'>ses</span> <span class='ocrx_word' id='word_1_140' title='bbox 1106 2413 1291 2470; x_wconf 81' lang='lat' dir='ltr'>troupes</span> <span class='ocrx_word' id='word_1_141' title='bbox 1318 2400 1494 2469; x_wconf 60' lang='lat' dir='ltr'>Ie&#39;gires</span> <span class='ocrx_word' id='word_1_142' title='bbox 1507 2437 1524 2464; x_wconf 87' lang='lat'>,</span> <span class='ocrx_word' id='word_1_143' title='bbox 1536 2419 1664 2471; x_wconf 81' lang='lat' dir='ltr'>pour</span> <span class='ocrx_word' id='word_1_144' title='bbox 1691 2418 1755 2450; x_wconf 83' lang='lat' dir='ltr'>au</span> 
     </span>
     <span class='ocr_line' id='line_1_22' title="bbox 741 2478 1757 2551; baseline -0.001 -21"><span class='ocrx_word' id='word_1_145' title='bbox 741 2483 889 2531; x_wconf 76' lang='lat' dir='ltr'>moins</span> <span class='ocrx_word' id='word_1_146' title='bbox 915 2482 1143 2551; x_wconf 53' lang='lat' dir='ltr'>inquisitor</span> <span class='ocrx_word' id='word_1_147' title='bbox 1160 2498 1216 2531; x_wconf 80' lang='lat' dir='ltr'>sa</span> <span class='ocrx_word' id='word_1_148' title='bbox 1246 2479 1461 2530; x_wconf 79' lang='lat' dir='ltr'>marche!</span> <span class='ocrx_word' id='word_1_149' title='bbox 1483 2479 1536 2531; x_wconf 90' lang='lat' dir='ltr'>Il</span> <span class='ocrx_word' id='word_1_150' title='bbox 1554 2490 1627 2530; x_wconf 77' lang='lat' dir='ltr'>est</span> <span class='ocrx_word' id='word_1_151' title='bbox 1649 2478 1757 2530; x_wconf 79' lang='lat' dir='ltr'>bien</span> 
     </span>
     <span class='ocr_line' id='line_1_23' title="bbox 741 2556 1756 2630; baseline 0 -21"><span class='ocrx_word' id='word_1_152' title='bbox 741 2557 816 2609; x_wconf 73' lang='lat' dir='ltr'>die</span> <span class='ocrx_word' id='word_1_153' title='bbox 840 2578 929 2630; x_wconf 83' lang='lat' dir='ltr'>que</span> <span class='ocrx_word' id='word_1_154' title='bbox 962 2559 1113 2611; x_wconf 58' lang='lat' dir='ltr'>Cesar</span> <span class='ocrx_word' id='word_1_155' title='bbox 1126 2556 1197 2629; x_wconf 83' lang='lat' dir='ltr'>fit</span> <span class='ocrx_word' id='word_1_156' title='bbox 1228 2562 1373 2611; x_wconf 74' lang='lat' dir='ltr'>sortit-</span> <span class='ocrx_word' id='word_1_157' title='bbox 1400 2562 1506 2630; x_wconf 69' lang='lat' dir='ltr'>clnq</span> <span class='ocrx_word' id='word_1_158' title='bbox 1533 2559 1637 2626; x_wconf 80' lang='lat' dir='ltr'>sois</span> <span class='ocrx_word' id='word_1_159' title='bbox 1669 2577 1756 2610; x_wconf 76' lang='lat' dir='ltr'>son</span> 
     </span>
     <span class='ocr_line' id='line_1_24' title="bbox 742 2637 1756 2709; baseline 0.001 -22"><span class='ocrx_word' id='word_1_160' title='bbox 742 2642 896 2689; x_wconf 77' lang='lat' dir='ltr'>arme‘e</span> <span class='ocrx_word' id='word_1_161' title='bbox 925 2637 991 2689; x_wconf 82' lang='lat' dir='ltr'>da</span> <span class='ocrx_word' id='word_1_162' title='bbox 1019 2657 1178 2708; x_wconf 85' lang='lat' dir='ltr'>camp,</span> <span class='ocrx_word' id='word_1_163' title='bbox 1214 2638 1339 2709; x_wconf 78' lang='lat' dir='ltr'>qu&#39;il</span> <span class='ocrx_word' id='word_1_164' title='bbox 1374 2638 1425 2689; x_wconf 87' lang='lat' dir='ltr'>la</span> <span class='ocrx_word' id='word_1_165' title='bbox 1454 2642 1539 2689; x_wconf 78' lang='lat' dir='ltr'>mit</span> <span class='ocrx_word' id='word_1_166' title='bbox 1575 2659 1635 2690; x_wconf 81' lang='lat' dir='ltr'>cn</span> <span class='ocrx_word' id='word_1_167' title='bbox 1668 2638 1756 2688; x_wconf 85' lang='lat' dir='ltr'>ba-</span> 
     </span>
     <span class='ocr_line' id='line_1_25' title="bbox 744 2716 1756 2778; baseline 0.002 -13"><span class='ocrx_word' id='word_1_168' title='bbox 744 2717 902 2777; x_wconf 78' lang='lat' dir='ltr'>taille,</span> <span class='ocrx_word' id='word_1_169' title='bbox 929 2718 961 2768; x_wconf 85' lang='grc' dir='ltr'><em>ὰ</em></span> <span class='ocrx_word' id='word_1_170' title='bbox 990 2718 1039 2768; x_wconf 82' lang='lat' dir='ltr'>la</span> <span class='ocrx_word' id='word_1_171' title='bbox 1074 2736 1168 2769; x_wconf 75' lang='lat' dir='ltr'>vae</span> <span class='ocrx_word' id='word_1_172' title='bbox 1196 2716 1257 2768; x_wconf 83' lang='lat' dir='ltr'>de</span> <span class='ocrx_word' id='word_1_173' title='bbox 1280 2717 1395 2769; x_wconf 70' lang='lat' dir='ltr'>celle</span> <span class='ocrx_word' id='word_1_174' title='bbox 1425 2717 1751 2778; x_wconf 76' lang='lat' dir='ltr'>d&#39;Arioviste,</span> <span class='ocrx_word' id='word_1_175' title='bbox 1744 2737 1756 2749; x_wconf 93' lang='lat'><strong>·</strong></span> 
     </span>
     <span class='ocr_line' id='line_1_26' title="bbox 743 2797 1752 2868; baseline 0.001 -22"><span class='ocrx_word' id='word_1_176' title='bbox 743 2800 863 2849; x_wconf 76' lang='lat' dir='ltr'>mais</span> <span class='ocrx_word' id='word_1_177' title='bbox 891 2817 944 2848; x_wconf 81' lang='lat' dir='ltr'>ce</span> <span class='ocrx_word' id='word_1_178' title='bbox 959 2797 1159 2867; x_wconf 53' lang='lat' dir='ltr'>general</span> <span class='ocrx_word' id='word_1_179' title='bbox 1179 2800 1311 2850; x_wconf 79' lang='lat' dir='ltr'>avait</span> <span class='ocrx_word' id='word_1_180' title='bbox 1320 2800 1429 2868; x_wconf 78' lang='lat' dir='ltr'>pris</span> <span class='ocrx_word' id='word_1_181' title='bbox 1449 2817 1507 2848; x_wconf 81' lang='lat' dir='ltr'>sa</span> <span class='ocrx_word' id='word_1_182' title='bbox 1518 2801 1752 2868; x_wconf 75' lang='lat' dir='ltr'>position,</span> 
     </span>
     <span class='ocr_line' id='line_1_27' title="bbox 744 2875 1759 2950; baseline -0.001 -24"><span class='ocrx_word' id='word_1_183' title='bbox 744 2888 794 2926; x_wconf 81' lang='lat' dir='ltr'>et</span> <span class='ocrx_word' id='word_1_184' title='bbox 822 2877 863 2927; x_wconf 79' lang='lat' dir='ltr'>il</span> <span class='ocrx_word' id='word_1_185' title='bbox 889 2880 1052 2928; x_wconf 75' lang='lat' dir='ltr'>aur-ait</span> <span class='ocrx_word' id='word_1_186' title='bbox 1078 2879 1154 2928; x_wconf 73' lang='lat' dir='ltr'>e&#39;te&#39;</span> <span class='ocrx_word' id='word_1_187' title='bbox 1179 2876 1486 2950; x_wconf 75' lang='lat' dir='ltr'>impr-adeat</span> <span class='ocrx_word' id='word_1_188' title='bbox 1472 2877 1503 2927; x_wconf 82' lang='grc' dir='ltr'><em>ὰ</em></span> <span class='ocrx_word' id='word_1_189' title='bbox 1531 2877 1603 2928; x_wconf 77' lang='lat' dir='ltr'>lui</span> <span class='ocrx_word' id='word_1_190' title='bbox 1624 2875 1685 2927; x_wconf 83' lang='lat' dir='ltr'>de</span> <span class='ocrx_word' id='word_1_191' title='bbox 1709 2877 1759 2926; x_wconf 85' lang='lat' dir='ltr'>Ia</span> 
     </span>
     <span class='ocr_line' id='line_1_28' title="bbox 743 2955 1758 3028; baseline 0.002 -23"><span class='ocrx_word' id='word_1_192' title='bbox 743 2959 945 3026; x_wconf 80' lang='lat' dir='ltr'>quitter,</span> <span class='ocrx_word' id='word_1_193' title='bbox 976 2976 1103 3028; x_wconf 81' lang='lat' dir='ltr'>pour</span> <span class='ocrx_word' id='word_1_194' title='bbox 1134 2955 1363 3008; x_wconf 65' lang='lat' dir='ltr'>hasco-der</span> <span class='ocrx_word' id='word_1_195' title='bbox 1398 2975 1487 3008; x_wconf 80' lang='lat' dir='ltr'>une</span> <span class='ocrx_word' id='word_1_196' title='bbox 1523 2955 1758 3017; x_wconf 62' lang='lat' dir='ltr'>hamale,-</span> 
     </span>
     <span class='ocr_line' id='line_1_29' title="bbox 745 3035 1761 3109; baseline 0.001 -25"><span class='ocrx_word' id='word_1_197' title='bbox 745 3035 904 3087; x_wconf 81' lang='lat' dir='ltr'>tandis</span> <span class='ocrx_word' id='word_1_198' title='bbox 944 3056 1007 3108; x_wconf 82' lang='lat' dir='ltr'>qu</span> <span class='ocrx_word' id='word_1_199' title='bbox 1014 3037 1070 3087; x_wconf 77' lang='lat' dir='ltr'>&#39;il</span> <span class='ocrx_word' id='word_1_200' title='bbox 1092 3040 1316 3109; x_wconf 74' lang='lat' dir='ltr'>pouvait,</span> <span class='ocrx_word' id='word_1_201' title='bbox 1354 3055 1412 3087; x_wconf 83' lang='lat' dir='ltr'>en</span> <span class='ocrx_word' id='word_1_202' title='bbox 1452 3039 1761 3106; x_wconf 70' lang='lat' dir='ltr'>interceptam</span> 
     </span>
     <span class='ocr_line' id='line_1_30' title="bbox 745 3115 1762 3178; baseline 0.001 -14"><span class='ocrx_word' id='word_1_203' title='bbox 745 3115 812 3165; x_wconf 77' lang='lat' dir='ltr'>les</span> <span class='ocrx_word' id='word_1_204' title='bbox 840 3116 1147 3168; x_wconf 75' lang='lat' dir='ltr'>subsistances</span> <span class='ocrx_word' id='word_1_205' title='bbox 1172 3116 1253 3168; x_wconf 83' lang='lat' dir='ltr'>des</span> <span class='ocrx_word' id='word_1_206' title='bbox 1282 3116 1536 3178; x_wconf 77' lang='lat' dir='ltr'>Romaim,</span> <span class='ocrx_word' id='word_1_207' title='bbox 1564 3118 1762 3166; x_wconf 50' lang='lat' dir='ltr'>‘tamem</span> 
     </span>
     <span class='ocr_line' id='line_1_31' title="bbox 743 3192 1761 3267; baseline 0.002 -23"><span class='ocrx_word' id='word_1_208' title='bbox 743 3214 854 3246; x_wconf 79' lang='lat' dir='ltr'>sans</span> <span class='ocrx_word' id='word_1_209' title='bbox 900 3195 1169 3247; x_wconf 78' lang='lat' dir='ltr'>combam-e.</span> <span class='ocrx_word' id='word_1_210' title='bbox 1223 3192 1271 3247; x_wconf 90' lang='lat' dir='ltr'><em>C</em></span> <span class='ocrx_word' id='word_1_211' title='bbox 1267 3199 1374 3247; x_wconf 66' lang='grc' dir='ltr'><strong>ἐσσι·</strong></span> <span class='ocrx_word' id='word_1_212' title='bbox 1418 3214 1625 3267; x_wconf 76' lang='lat' dir='ltr'>manqua</span> <span class='ocrx_word' id='word_1_213' title='bbox 1672 3213 1761 3246; x_wconf 78' lang='lat' dir='ltr'>une</span> 
     </span>
     <span class='ocr_line' id='line_1_32' title="bbox 744 3272 1762 3328; baseline 0.004 -6"><span class='ocrx_word' id='word_1_214' title='bbox 744 3274 848 3324; x_wconf 80' lang='lat' dir='ltr'>bien</span> <span class='ocrx_word' id='word_1_215' title='bbox 880 3272 1000 3324; x_wconf 77' lang='lat' dir='ltr'>belle</span> <span class='ocrx_word' id='word_1_216' title='bbox 1029 3277 1243 3325; x_wconf 74' lang='lat' dir='ltr'>occasion</span> <span class='ocrx_word' id='word_1_217' title='bbox 1274 3274 1334 3324; x_wconf 79' lang='lat' dir='ltr'>dc</span> <span class='ocrx_word' id='word_1_218' title='bbox 1363 3274 1621 3328; x_wconf 80' lang='lat' dir='ltr'>combam-e</span> <span class='ocrx_word' id='word_1_219' title='bbox 1650 3293 1762 3326; x_wconf 75' lang='lat' dir='ltr'>avec</span> 
     </span>
     <span class='ocr_line' id='line_1_33' title="bbox 745 3352 1760 3423; baseline 0.002 -22"><span class='ocrx_word' id='word_1_220' title='bbox 745 3363 980 3421; x_wconf 71' lang='lat' dir='ltr'>amntage</span> <span class='ocrx_word' id='word_1_221' title='bbox 1000 3352 1194 3402; x_wconf 81' lang='lat' dir='ltr'>l&#39;arme&#39;e</span> <span class='ocrx_word' id='word_1_222' title='bbox 1210 3352 1528 3405; x_wconf 74' lang='lat' dir='ltr'>d&#39;Arc&#39;ovistc.</span> <span class='ocrx_word' id='word_1_223' title='bbox 1545 3354 1617 3405; x_wconf 83' lang='lat' dir='ltr'>At</span> <span class='ocrx_word' id='word_1_224' title='bbox 1633 3370 1760 3423; x_wconf 84' lang='lat' dir='ltr'>pace</span> 
     </span>
     <span class='ocr_line' id='line_1_34' title="bbox 746 3429 1761 3501; baseline 0.002 -20"><span class='ocrx_word' id='word_1_225' title='bbox 746 3431 876 3482; x_wconf 80' lang='lat' dir='ltr'>tanti</span> <span class='ocrx_word' id='word_1_226' title='bbox 910 3431 1014 3482; x_wconf 79' lang='lat' dir='ltr'>viri</span> <span class='ocrx_word' id='word_1_227' title='bbox 1045 3429 1215 3482; x_wconf 87' lang='lat' dir='ltr'>dicam</span> <span class='ocrx_word' id='word_1_228' title='bbox 1231 3467 1247 3495; x_wconf 88' lang='lat'>,</span> <span class='ocrx_word' id='word_1_229' title='bbox 1281 3429 1572 3501; x_wconf 83' lang='lat' dir='ltr'>prudenter</span> <span class='ocrx_word' id='word_1_230' title='bbox 1607 3443 1761 3501; x_wconf 86' lang='lat' dir='ltr'>atque</span> 
     </span>
     <span class='ocr_line' id='line_1_35' title="bbox 745 3509 1767 3580; baseline 0 -18"><span class='ocrx_word' id='word_1_231' title='bbox 745 3509 963 3562; x_wconf 85' lang='lat' dir='ltr'>consilio</span> <span class='ocrx_word' id='word_1_232' title='bbox 985 3510 1056 3562; x_wconf 86' lang='lat' dir='ltr'>ita</span> <span class='ocrx_word' id='word_1_233' title='bbox 1077 3510 1332 3562; x_wconf 61' lang='lat' dir='ltr'>Caesarem</span> <span class='ocrx_word' id='word_1_234' title='bbox 1351 3528 1406 3561; x_wconf 89' lang='lat' dir='ltr'>se</span> <span class='ocrx_word' id='word_1_235' title='bbox 1427 3510 1653 3580; x_wconf 79' lang='lat' dir='ltr'>gessisse.</span> <span class='ocrx_word' id='word_1_236' title='bbox 1678 3511 1767 3562; x_wconf 87' lang='lat' dir='ltr'>In·</span> 
     </span>
     <span class='ocr_line' id='line_1_36' title="bbox 746 3587 1762 3659; baseline 0.001 -19"><span class='ocrx_word' id='word_1_237' title='bbox 746 3589 907 3643; x_wconf 86' lang='lat' dir='ltr'>ferior</span> <span class='ocrx_word' id='word_1_238' title='bbox 922 3601 1063 3642; x_wconf 88' lang='lat' dir='ltr'>certe</span> <span class='ocrx_word' id='word_1_239' title='bbox 1076 3601 1187 3641; x_wconf 86' lang='lat' dir='ltr'>erat</span> <span class='ocrx_word' id='word_1_240' title='bbox 1203 3602 1255 3641; x_wconf 90' lang='lat' dir='ltr'>et</span> <span class='ocrx_word' id='word_1_241' title='bbox 1264 3587 1503 3659; x_wconf 85' lang='lat' dir='ltr'>peditum</span> <span class='ocrx_word' id='word_1_242' title='bbox 1515 3607 1762 3655; x_wconf 88' lang='lat' dir='ltr'>numero,</span> 
     </span>
     <span class='ocr_line' id='line_1_37' title="bbox 745 3667 1766 3740; baseline 0.002 -20"><span class='ocrx_word' id='word_1_243' title='bbox 745 3681 798 3721; x_wconf 86' lang='lat' dir='ltr'>et</span> <span class='ocrx_word' id='word_1_244' title='bbox 811 3708 826 3734; x_wconf 94' lang='lat'><strong>‚</strong></span> <span class='ocrx_word' id='word_1_245' title='bbox 845 3667 989 3740; x_wconf 90' lang='lat' dir='ltr'>quod</span> <span class='ocrx_word' id='word_1_246' title='bbox 1016 3668 1347 3739; x_wconf 88' lang='lat' dir='ltr'>potissimum</span> <span class='ocrx_word' id='word_1_247' title='bbox 1372 3680 1485 3721; x_wconf 85' lang='lat' dir='ltr'>erat</span> <span class='ocrx_word' id='word_1_248' title='bbox 1498 3706 1514 3734; x_wconf 92' lang='lat'>,</span> <span class='ocrx_word' id='word_1_249' title='bbox 1531 3669 1766 3740; x_wconf 87' lang='lat' dir='ltr'>equitatu</span> 
     </span>
     <span class='ocr_line' id='line_1_38' title="bbox 746 3747 1763 3814; baseline -0.003 -11"><span class='ocrx_word' id='word_1_250' title='bbox 746 3749 962 3803; x_wconf 74' lang='lat' dir='ltr'>Caesaris</span> <span class='ocrx_word' id='word_1_251' title='bbox 989 3748 1277 3814; x_wconf 76' lang='lat' dir='ltr'>exercitus3</span> <span class='ocrx_word' id='word_1_252' title='bbox 1298 3761 1351 3801; x_wconf 93' lang='lat' dir='ltr'>et</span> <span class='ocrx_word' id='word_1_253' title='bbox 1382 3748 1516 3800; x_wconf 81' lang='lat' dir='ltr'>forte</span> <span class='ocrx_word' id='word_1_254' title='bbox 1539 3747 1595 3800; x_wconf 86' lang='lat' dir='ltr'>in</span> <span class='ocrx_word' id='word_1_255' title='bbox 1622 3767 1763 3802; x_wconf 87' lang='lat' dir='ltr'>cam-</span> 
     </span>
     <span class='ocr_line' id='line_1_39' title="bbox 745 3825 1765 3900; baseline 0 -18"><span class='ocrx_word' id='word_1_256' title='bbox 745 3847 817 3898; x_wconf 87' lang='lat' dir='ltr'>po</span> <span class='ocrx_word' id='word_1_257' title='bbox 843 3829 1044 3900; x_wconf 86' lang='lat' dir='ltr'>patenti</span> <span class='ocrx_word' id='word_1_258' title='bbox 1076 3825 1322 3880; x_wconf 80' lang='lat' dir='ltr'>adversus</span> <span class='ocrx_word' id='word_1_259' title='bbox 1349 3829 1571 3899; x_wconf 82' lang='lat' dir='ltr'>majores</span> <span class='ocrx_word' id='word_1_260' title='bbox 1591 3829 1765 3900; x_wconf 81' lang='lat' dir='ltr'>copias</span> 
     </span>
     <span class='ocr_line' id='line_1_40' title="bbox 746 3906 1767 3978; baseline 0.001 -18"><span class='ocrx_word' id='word_1_261' title='bbox 746 3908 985 3978; x_wconf 66' lang='lat' dir='ltr'>pralium</span> <span class='ocrx_word' id='word_1_262' title='bbox 1019 3906 1346 3960; x_wconf 81' lang='lat' dir='ltr'>committere</span> <span class='ocrx_word' id='word_1_263' title='bbox 1375 3926 1590 3959; x_wconf 76' lang='lat' dir='ltr'>summae</span> <span class='ocrx_word' id='word_1_264' title='bbox 1623 3909 1767 3961; x_wconf 86' lang='lat' dir='ltr'>futu·</span> 
     </span>
     <span class='ocr_line' id='line_1_41' title="bbox 746 3985 1766 4059; baseline -0.003 -17"><span class='ocrx_word' id='word_1_265' title='bbox 746 4006 865 4042; x_wconf 80' lang='lat' dir='ltr'>rum</span> <span class='ocrx_word' id='word_1_266' title='bbox 883 3989 1063 4041; x_wconf 78' lang='lat' dir='ltr'>fuisset</span> <span class='ocrx_word' id='word_1_267' title='bbox 1082 3985 1477 4059; x_wconf 77' lang='lat' dir='ltr'>imprudentioe3</span> <span class='ocrx_word' id='word_1_268' title='bbox 1490 3999 1740 4059; x_wconf 64' lang='lat' dir='ltr'>praeterea</span> <span class='ocrx_word' id='word_1_269' title='bbox 1750 4024 1766 4054; x_wconf 93' lang='lat'>,</span> 
     </span>
     <span class='ocr_line' id='line_1_42' title="bbox 747 4063 1768 4138; baseline 0 -20"><span class='ocrx_word' id='word_1_270' title='bbox 747 4063 880 4119; x_wconf 81' lang='lat' dir='ltr'>adeo</span> <span class='ocrx_word' id='word_1_271' title='bbox 905 4068 1137 4138; x_wconf 79' lang='lat' dir='ltr'>legiones</span> <span class='ocrx_word' id='word_1_272' title='bbox 1176 4080 1472 4120; x_wconf 85' lang='lat' dir='ltr'>terruerant</span> <span class='ocrx_word' id='word_1_273' title='bbox 1510 4080 1768 4120; x_wconf 85' lang='lat' dir='ltr'>mercato-</span> 
     </span>
     <span class='ocr_line' id='line_1_43' title="bbox 746 4146 1771 4217; baseline 0 -21"><span class='ocrx_word' id='word_1_274' title='bbox 746 4164 866 4197; x_wconf 87' lang='lat' dir='ltr'>rum</span> <span class='ocrx_word' id='word_1_275' title='bbox 907 4147 1095 4200; x_wconf 72' lang='lat' dir='ltr'>fabulae</span> <span class='ocrx_word' id='word_1_276' title='bbox 1131 4146 1198 4199; x_wconf 89' lang='lat' dir='ltr'>de</span> <span class='ocrx_word' id='word_1_277' title='bbox 1235 4159 1430 4200; x_wconf 85' lang='lat' dir='ltr'>statura</span> <span class='ocrx_word' id='word_1_278' title='bbox 1475 4146 1674 4217; x_wconf 81' lang='lat' dir='ltr'>ingenti</span> <span class='ocrx_word' id='word_1_279' title='bbox 1716 4156 1771 4198; x_wconf 88' lang='lat' dir='ltr'>et</span> 
     </span>
     <span class='ocr_line' id='line_1_44' title="bbox 747 4225 1772 4291; baseline 0.001 -16"><span class='ocrx_word' id='word_1_280' title='bbox 747 4225 942 4276; x_wconf 84' lang='lat' dir='ltr'>robore</span> <span class='ocrx_word' id='word_1_281' title='bbox 1003 4226 1195 4278; x_wconf 84' lang='lat' dir='ltr'>eximio</span> <span class='ocrx_word' id='word_1_282' title='bbox 1252 4226 1672 4291; x_wconf 86' lang='lat' dir='ltr'>Germanorum,</span> <span class='ocrx_word' id='word_1_283' title='bbox 1711 4236 1772 4277; x_wconf 87' lang='lat' dir='ltr'>ut</span> 
     </span>
     <span class='ocr_line' id='line_1_45' title="bbox 751 4300 1770 4362; baseline 0.004 -6"><span class='ocrx_word' id='word_1_284' title='bbox 751 4300 877 4356; x_wconf 86' lang='lat' dir='ltr'>duci</span> <span class='ocrx_word' id='word_1_285' title='bbox 927 4322 1134 4358; x_wconf 85' lang='lat' dir='ltr'>necesse</span> <span class='ocrx_word' id='word_1_286' title='bbox 1188 4305 1346 4358; x_wconf 80' lang='lat' dir='ltr'>fuerit</span> <span class='ocrx_word' id='word_1_287' title='bbox 1390 4305 1489 4358; x_wconf 82' lang='lat' dir='ltr'>hos</span> <span class='ocrx_word' id='word_1_288' title='bbox 1535 4323 1770 4362; x_wconf 73' lang='lat' dir='ltr'>rumores</span> 
     </span>
    </p>
   </div>
   <div class='ocr_carea' id='block_1_5' title="bbox 1831 1523 2872 4375">
    <p class='ocr_par' dir='ltr' id='par_1_5' title="bbox 1831 1523 2872 3901">
     <span class='ocr_line' id='line_1_46' title="bbox 1831 1523 2851 1593; baseline -0.006 -11"><span class='ocrx_word' id='word_1_289' title='bbox 1831 1546 1994 1582; x_wconf 80' lang='lat' dir='ltr'>vanos</span> <span class='ocrx_word' id='word_1_290' title='bbox 2010 1565 2026 1593; x_wconf 88' lang='lat'><em>‚</em></span> <span class='ocrx_word' id='word_1_291' title='bbox 2049 1526 2130 1580; x_wconf 88' lang='lat' dir='ltr'>sin</span> <span class='ocrx_word' id='word_1_292' title='bbox 2171 1526 2346 1579; x_wconf 88' lang='lat' dir='ltr'>minus</span> <span class='ocrx_word' id='word_1_293' title='bbox 2384 1524 2602 1577; x_wconf 89' lang='lat' dir='ltr'>omnino</span> <span class='ocrx_word' id='word_1_294' title='bbox 2642 1523 2818 1577; x_wconf 87' lang='lat' dir='ltr'>delere</span> <span class='ocrx_word' id='word_1_295' title='bbox 2833 1562 2851 1590; x_wconf 90' lang='lat'>,</span> 
     </span>
     <span class='ocr_line' id='line_1_47' title="bbox 1832 1602 2850 1676; baseline -0.004 -16"><span class='ocrx_word' id='word_1_296' title='bbox 1832 1619 1886 1660; x_wconf 86' lang='lat' dir='ltr'>at</span> <span class='ocrx_word' id='word_1_297' title='bbox 1908 1608 2107 1671; x_wconf 46' lang='lat' dir='ltr'>‚saltem</span> <span class='ocrx_word' id='word_1_298' title='bbox 2148 1606 2415 1671; x_wconf 85' lang='lat' dir='ltr'>minuere,</span> <span class='ocrx_word' id='word_1_299' title='bbox 2450 1602 2595 1676; x_wconf 87' lang='lat' dir='ltr'>quod</span> <span class='ocrx_word' id='word_1_300' title='bbox 2625 1603 2744 1656; x_wconf 84' lang='lat' dir='ltr'>fieri</span> <span class='ocrx_word' id='word_1_301' title='bbox 2776 1604 2850 1656; x_wconf 80' lang='lat' dir='ltr'>fa·</span> 
     </span>
     <span class='ocr_line' id='line_1_48' title="bbox 1832 1683 2851 1756; baseline -0.003 -19"><span class='ocrx_word' id='word_1_302' title='bbox 1832 1685 1932 1737; x_wconf 86' lang='lat' dir='ltr'>cile</span> <span class='ocrx_word' id='word_1_303' title='bbox 1970 1686 2233 1756; x_wconf 83' lang='lat' dir='ltr'>nequisset</span> <span class='ocrx_word' id='word_1_304' title='bbox 2249 1723 2266 1750; x_wconf 91' lang='lat'>,</span> <span class='ocrx_word' id='word_1_305' title='bbox 2299 1684 2401 1736; x_wconf 88' lang='lat' dir='ltr'>nisi</span> <span class='ocrx_word' id='word_1_306' title='bbox 2439 1684 2586 1755; x_wconf 83' lang='lat' dir='ltr'>prius</span> <span class='ocrx_word' id='word_1_307' title='bbox 2623 1701 2721 1755; x_wconf 82' lang='lat' dir='ltr'>per</span> <span class='ocrx_word' id='word_1_308' title='bbox 2759 1683 2851 1735; x_wconf 89' lang='lat' dir='ltr'>ali-</span> 
     </span>
     <span class='ocr_line' id='line_1_49' title="bbox 1833 1762 2849 1835; baseline -0.002 -19"><span class='ocrx_word' id='word_1_309' title='bbox 1833 1777 1966 1835; x_wconf 88' lang='lat' dir='ltr'>quot</span> <span class='ocrx_word' id='word_1_310' title='bbox 1998 1762 2109 1816; x_wconf 85' lang='lat' dir='ltr'>dies</span> <span class='ocrx_word' id='word_1_311' title='bbox 2149 1765 2321 1817; x_wconf 74' lang='lat' dir='ltr'>Coesar</span> <span class='ocrx_word' id='word_1_312' title='bbox 2361 1764 2594 1816; x_wconf 86' lang='lat' dir='ltr'>hostium</span> <span class='ocrx_word' id='word_1_313' title='bbox 2633 1762 2690 1814; x_wconf 87' lang='lat' dir='ltr'>in</span> <span class='ocrx_word' id='word_1_314' title='bbox 2719 1780 2849 1832; x_wconf 67' lang='lat' dir='ltr'>pro-</span> 
     </span>
     <span class='ocr_line' id='line_1_50' title="bbox 1832 1842 2850 1907; baseline -0.003 -11"><span class='ocrx_word' id='word_1_315' title='bbox 1832 1843 2000 1896; x_wconf 87' lang='lat' dir='ltr'>sentia</span> <span class='ocrx_word' id='word_1_316' title='bbox 2039 1842 2230 1896; x_wconf 84' lang='lat' dir='ltr'>milites</span> <span class='ocrx_word' id='word_1_317' title='bbox 2269 1861 2388 1895; x_wconf 88' lang='lat' dir='ltr'>suos</span> <span class='ocrx_word' id='word_1_318' title='bbox 2427 1842 2710 1907; x_wconf 81' lang='lat' dir='ltr'>tenuisset3</span> <span class='ocrx_word' id='word_1_319' title='bbox 2741 1860 2850 1894; x_wconf 85' lang='lat' dir='ltr'>eos-</span> 
     </span>
     <span class='ocr_line' id='line_1_51' title="bbox 1835 1919 2853 1994; baseline -0.002 -19"><span class='ocrx_word' id='word_1_320' title='bbox 1835 1941 1938 1994; x_wconf 88' lang='lat' dir='ltr'>que</span> <span class='ocrx_word' id='word_1_321' title='bbox 1965 1923 2169 1975; x_wconf 80' lang='lat' dir='ltr'>levibus</span> <span class='ocrx_word' id='word_1_322' title='bbox 2197 1922 2390 1994; x_wconf 73' lang='lat' dir='ltr'>praeliis</span> <span class='ocrx_word' id='word_1_323' title='bbox 2420 1919 2487 1973; x_wconf 87' lang='lat' dir='ltr'>ad</span> <span class='ocrx_word' id='word_1_324' title='bbox 2517 1933 2853 1992; x_wconf 83' lang='lat' dir='ltr'>conspectum</span> 
     </span>
     <span class='ocr_line' id='line_1_52' title="bbox 1837 2000 2851 2054; baseline -0.002 0"><span class='ocrx_word' id='word_1_325' title='bbox 1837 2014 1944 2054; x_wconf 85' lang='lat' dir='ltr'>tam</span> <span class='ocrx_word' id='word_1_326' title='bbox 1961 2000 2289 2054; x_wconf 84' lang='lat' dir='ltr'>formidolosi</span> <span class='ocrx_word' id='word_1_327' title='bbox 2305 2001 2468 2053; x_wconf 87' lang='lat' dir='ltr'>hostis</span> <span class='ocrx_word' id='word_1_328' title='bbox 2486 2000 2851 2053; x_wconf 75' lang='lat' dir='ltr'>assuefecisset.</span> 
     </span>
     <span class='ocr_line' id='line_1_53' title="bbox 1836 2079 2857 2134; baseline -0.001 -1"><span class='ocrx_word' id='word_1_329' title='bbox 1836 2082 1916 2134; x_wconf 86' lang='lat' dir='ltr'>Ita</span> <span class='ocrx_word' id='word_1_330' title='bbox 1947 2082 2146 2134; x_wconf 81' lang='lat' dir='ltr'>Marius</span> <span class='ocrx_word' id='word_1_331' title='bbox 2175 2081 2230 2133; x_wconf 87' lang='lat' dir='ltr'>in</span> <span class='ocrx_word' id='word_1_332' title='bbox 2262 2081 2401 2133; x_wconf 87' lang='lat' dir='ltr'>bello</span> <span class='ocrx_word' id='word_1_333' title='bbox 2429 2080 2716 2132; x_wconf 86' lang='lat' dir='ltr'>Cimbrico.</span> <span class='ocrx_word' id='word_1_334' title='bbox 2746 2079 2857 2132; x_wconf 79' lang='lat' dir='ltr'>Nec</span> 
     </span>
     <span class='ocr_line' id='line_1_54' title="bbox 1836 2157 2857 2231; baseline -0.003 -18"><span class='ocrx_word' id='word_1_335' title='bbox 1836 2179 1922 2213; x_wconf 88' lang='lat' dir='ltr'>me</span> <span class='ocrx_word' id='word_1_336' title='bbox 1951 2172 2129 2214; x_wconf 77' lang='lat' dir='ltr'>movet</span> <span class='ocrx_word' id='word_1_337' title='bbox 2142 2199 2158 2226; x_wconf 92' lang='lat'><strong><em>‚</em></strong></span> <span class='ocrx_word' id='word_1_338' title='bbox 2187 2158 2331 2231; x_wconf 87' lang='lat' dir='ltr'>quod</span> <span class='ocrx_word' id='word_1_339' title='bbox 2357 2157 2798 2211; x_wconf 84' lang='lat' dir='ltr'>intercluderetur</span> <span class='ocrx_word' id='word_1_340' title='bbox 2826 2177 2857 2211; x_wconf 80' lang='lat' dir='ltr'>a</span> 
     </span>
     <span class='ocr_line' id='line_1_55' title="bbox 1836 2238 2856 2309; baseline -0.003 -16"><span class='ocrx_word' id='word_1_341' title='bbox 1836 2240 2101 2293; x_wconf 82' lang='lat' dir='ltr'>frumento</span> <span class='ocrx_word' id='word_1_342' title='bbox 2114 2279 2133 2305; x_wconf 93' lang='lat'>‚</span> <span class='ocrx_word' id='word_1_343' title='bbox 2160 2251 2556 2309; x_wconf 81' lang='lat' dir='ltr'>commeatuque</span> <span class='ocrx_word' id='word_1_344' title='bbox 2575 2257 2639 2291; x_wconf 85' lang='lat' dir='ltr'>ex</span> <span class='ocrx_word' id='word_1_345' title='bbox 2658 2238 2856 2308; x_wconf 83' lang='lat' dir='ltr'>Sequa·</span> 
     </span>
     <span class='ocr_line' id='line_1_56' title="bbox 1835 2315 2859 2372; baseline -0.005 0"><span class='ocrx_word' id='word_1_346' title='bbox 1835 2320 1920 2372; x_wconf 86' lang='lat' dir='ltr'>nis</span> <span class='ocrx_word' id='word_1_347' title='bbox 1972 2332 2025 2372; x_wconf 87' lang='lat' dir='ltr'>et</span> <span class='ocrx_word' id='word_1_348' title='bbox 2069 2317 2257 2372; x_wconf 85' lang='lat' dir='ltr'>AEduis</span> <span class='ocrx_word' id='word_1_349' title='bbox 2320 2315 2624 2371; x_wconf 85' lang='lat' dir='ltr'>advehendo</span> <span class='ocrx_word' id='word_1_350' title='bbox 2671 2333 2686 2368; x_wconf 77' lang='grc' dir='ltr'><em>τ</em></span> <span class='ocrx_word' id='word_1_351' title='bbox 2729 2335 2859 2368; x_wconf 85' lang='lat' dir='ltr'>nam</span> 
     </span>
     <span class='ocr_line' id='line_1_57' title="bbox 1837 2395 2858 2471; baseline -0.006 -19"><span class='ocrx_word' id='word_1_352' title='bbox 1837 2398 2075 2452; x_wconf 83' lang='lat' dir='ltr'>videmus</span> <span class='ocrx_word' id='word_1_353' title='bbox 2100 2417 2220 2451; x_wconf 87' lang='lat' dir='ltr'>eum</span> <span class='ocrx_word' id='word_1_354' title='bbox 2241 2399 2398 2471; x_wconf 87' lang='lat' dir='ltr'>paulo</span> <span class='ocrx_word' id='word_1_355' title='bbox 2418 2397 2576 2461; x_wconf 85' lang='lat' dir='ltr'>infra,</span> <span class='ocrx_word' id='word_1_356' title='bbox 2597 2415 2654 2447; x_wconf 81' lang='lat' dir='ltr'>ne</span> <span class='ocrx_word' id='word_1_357' title='bbox 2675 2395 2858 2447; x_wconf 66' lang='lat' dir='ltr'>diutins</span> 
     </span>
     <span class='ocr_line' id='line_1_58' title="bbox 1840 2475 2858 2548; baseline -0.006 -18"><span class='ocrx_word' id='word_1_358' title='bbox 1840 2491 2095 2530; x_wconf 80' lang='lat' dir='ltr'>commeatu</span> <span class='ocrx_word' id='word_1_359' title='bbox 2113 2478 2461 2548; x_wconf 75' lang='lat' dir='ltr'>prohiberetur,</span> <span class='ocrx_word' id='word_1_360' title='bbox 2487 2477 2612 2527; x_wconf 80' lang='lat' dir='ltr'>ultra</span> <span class='ocrx_word' id='word_1_361' title='bbox 2644 2494 2750 2526; x_wconf 78' lang='lat' dir='ltr'>eam</span> <span class='ocrx_word' id='word_1_362' title='bbox 2784 2475 2858 2525; x_wconf 82' lang='lat' dir='ltr'>lo·</span> 
     </span>
     <span class='ocr_line' id='line_1_59' title="bbox 1839 2556 2859 2632; baseline -0.004 -21"><span class='ocrx_word' id='word_1_363' title='bbox 1839 2579 1942 2611; x_wconf 85' lang='lat' dir='ltr'>cum</span> <span class='ocrx_word' id='word_1_364' title='bbox 1952 2599 1968 2622; x_wconf 92' lang='lat'>‚</span> <span class='ocrx_word' id='word_1_365' title='bbox 1983 2579 2075 2632; x_wconf 83' lang='lat' dir='ltr'>quo</span> <span class='ocrx_word' id='word_1_366' title='bbox 2094 2557 2327 2613; x_wconf 73' lang='lat' dir='ltr'>Get-mani</span> <span class='ocrx_word' id='word_1_367' title='bbox 2341 2556 2671 2620; x_wconf 66' lang='lat' dir='ltr'>consociemur,</span> <span class='ocrx_word' id='word_1_368' title='bbox 2688 2558 2859 2607; x_wconf 70' lang='lat' dir='ltr'>castris</span> 
     </span>
     <span class='ocr_line' id='line_1_60' title="bbox 1841 2634 2859 2707; baseline -0.004 -16"><span class='ocrx_word' id='word_1_369' title='bbox 1841 2639 2055 2691; x_wconf 54' lang='lat' dir='ltr'>&amp;oneum</span> <span class='ocrx_word' id='word_1_370' title='bbox 2092 2640 2242 2690; x_wconf 82' lang='lat' dir='ltr'>locum</span> <span class='ocrx_word' id='word_1_371' title='bbox 2285 2639 2491 2707; x_wconf 71' lang='lat' dir='ltr'>elegisse.</span> <span class='ocrx_word' id='word_1_372' title='bbox 2524 2636 2593 2688; x_wconf 86' lang='lat' dir='ltr'>Et</span> <span class='ocrx_word' id='word_1_373' title='bbox 2635 2634 2682 2686; x_wconf 85' lang='lat' dir='ltr'>is</span> <span class='ocrx_word' id='word_1_374' title='bbox 2713 2635 2859 2688; x_wconf 81' lang='lat' dir='ltr'>locus</span> 
     </span>
     <span class='ocr_line' id='line_1_61' title="bbox 1841 2714 2860 2783; baseline -0.006 -12"><span class='ocrx_word' id='word_1_375' title='bbox 1841 2731 1982 2771; x_wconf 86' lang='lat' dir='ltr'>certe</span> <span class='ocrx_word' id='word_1_376' title='bbox 2011 2718 2158 2771; x_wconf 87' lang='lat' dir='ltr'>collis</span> <span class='ocrx_word' id='word_1_377' title='bbox 2188 2729 2328 2783; x_wconf 87' lang='lat' dir='ltr'>erat,</span> <span class='ocrx_word' id='word_1_378' title='bbox 2351 2728 2439 2768; x_wconf 85' lang='lat' dir='ltr'>aut</span> <span class='ocrx_word' id='word_1_379' title='bbox 2467 2714 2740 2768; x_wconf 75' lang='lat' dir='ltr'>summitas</span> <span class='ocrx_word' id='word_1_380' title='bbox 2766 2714 2860 2766; x_wconf 89' lang='lat' dir='ltr'>ali-</span> 
     </span>
     <span class='ocr_line' id='line_1_62' title="bbox 1842 2795 2862 2869; baseline -0.004 -19"><span class='ocrx_word' id='word_1_381' title='bbox 1842 2816 1966 2869; x_wconf 88' lang='lat' dir='ltr'>qua:</span> <span class='ocrx_word' id='word_1_382' title='bbox 1977 2795 2120 2850; x_wconf 88' lang='lat' dir='ltr'>haud</span> <span class='ocrx_word' id='word_1_383' title='bbox 2134 2797 2276 2849; x_wconf 86' lang='lat' dir='ltr'>enim</span> <span class='ocrx_word' id='word_1_384' title='bbox 2288 2796 2436 2849; x_wconf 85' lang='lat' dir='ltr'>aliter</span> <span class='ocrx_word' id='word_1_385' title='bbox 2448 2813 2681 2865; x_wconf 88' lang='lat' dir='ltr'>unquam</span> <span class='ocrx_word' id='word_1_386' title='bbox 2696 2805 2862 2847; x_wconf 80' lang='lat' dir='ltr'>castra</span> 
     </span>
     <span class='ocr_line' id='line_1_63' title="bbox 1842 2873 2862 2945; baseline -0.006 -15"><span class='ocrx_word' id='word_1_387' title='bbox 1842 2877 2029 2930; x_wconf 87' lang='lat' dir='ltr'>metari</span> <span class='ocrx_word' id='word_1_388' title='bbox 2056 2876 2292 2930; x_wconf 85' lang='lat' dir='ltr'>solebant</span> <span class='ocrx_word' id='word_1_389' title='bbox 2311 2875 2551 2928; x_wconf 85' lang='lat' dir='ltr'>Romani.</span> <span class='ocrx_word' id='word_1_390' title='bbox 2574 2873 2674 2926; x_wconf 81' lang='lat' dir='ltr'>His</span> <span class='ocrx_word' id='word_1_391' title='bbox 2700 2874 2862 2945; x_wconf 78' lang='lat' dir='ltr'>igitur</span> 
     </span>
     <span class='ocr_line' id='line_1_64' title="bbox 1843 2953 2865 3026; baseline -0.004 -16"><span class='ocrx_word' id='word_1_392' title='bbox 1843 2955 2051 3009; x_wconf 85' lang='lat' dir='ltr'>duobus</span> <span class='ocrx_word' id='word_1_393' title='bbox 2087 2956 2266 3010; x_wconf 85' lang='lat' dir='ltr'>castris</span> <span class='ocrx_word' id='word_1_394' title='bbox 2312 2967 2389 3008; x_wconf 87' lang='lat' dir='ltr'>sat</span> <span class='ocrx_word' id='word_1_395' title='bbox 2430 2953 2774 3026; x_wconf 84' lang='lat' dir='ltr'>propinquis,</span> <span class='ocrx_word' id='word_1_396' title='bbox 2804 2963 2865 3006; x_wconf 83' lang='lat' dir='ltr'>ut</span> 
     </span>
     <span class='ocr_line' id='line_1_65' title="bbox 1844 3035 2864 3104; baseline -0.006 -15"><span class='ocrx_word' id='word_1_397' title='bbox 1844 3037 2062 3089; x_wconf 80' lang='lat' dir='ltr'>alterum</span> <span class='ocrx_word' id='word_1_398' title='bbox 2081 3036 2228 3088; x_wconf 86' lang='lat' dir='ltr'>alteri</span> <span class='ocrx_word' id='word_1_399' title='bbox 2246 3035 2607 3099; x_wconf 78' lang='lat' dir='ltr'>auxiliaretur,</span> <span class='ocrx_word' id='word_1_400' title='bbox 2625 3044 2680 3084; x_wconf 90' lang='lat' dir='ltr'>et</span> <span class='ocrx_word' id='word_1_401' title='bbox 2693 3050 2864 3104; x_wconf 84' lang='lat' dir='ltr'>oppo-</span> 
     </span>
     <span class='ocr_line' id='line_1_66' title="bbox 1842 3099 2866 3185; baseline -0.005 -17"><span class='ocrx_word' id='word_1_402' title='bbox 1842 3116 1955 3168; x_wconf 85' lang='lat' dir='ltr'>sitis</span> <span class='ocrx_word' id='word_1_403' title='bbox 1969 3099 2148 3169; x_wconf 79' lang='lat' dir='ltr'>Ariov.</span> <span class='ocrx_word' id='word_1_404' title='bbox 2160 3153 2176 3181; x_wconf 95' lang='lat'>,</span> <span class='ocrx_word' id='word_1_405' title='bbox 2187 3114 2325 3167; x_wconf 74' lang='lat' dir='ltr'>duo*</span> <span class='ocrx_word' id='word_1_406' title='bbox 2304 3133 2426 3185; x_wconf 74' lang='lat' dir='ltr'>juga</span> <span class='ocrx_word' id='word_1_407' title='bbox 2439 3132 2538 3185; x_wconf 87' lang='lat' dir='ltr'>pro</span> <span class='ocrx_word' id='word_1_408' title='bbox 2553 3130 2663 3164; x_wconf 89' lang='lat' dir='ltr'>uno</span> <span class='ocrx_word' id='word_1_409' title='bbox 2679 3125 2866 3164; x_wconf 87' lang='lat' dir='ltr'>tenens</span> 
     </span>
     <span class='ocr_line' id='line_1_67' title="bbox 1844 3191 2866 3264; baseline -0.006 -16"><span class='ocrx_word' id='word_1_410' title='bbox 1844 3195 2043 3261; x_wconf 66' lang='lat' dir='ltr'>Caesar,</span> <span class='ocrx_word' id='word_1_411' title='bbox 2065 3195 2268 3247; x_wconf 83' lang='lat' dir='ltr'>hostem</span> <span class='ocrx_word' id='word_1_412' title='bbox 2292 3193 2520 3246; x_wconf 78' lang='lat' dir='ltr'>vicissim</span> <span class='ocrx_word' id='word_1_413' title='bbox 2548 3191 2866 3264; x_wconf 81' lang='lat' dir='ltr'>prohibebat</span> 
     </span>
     <span class='ocr_line' id='line_1_68' title="bbox 1845 3270 2866 3344; baseline -0.005 -19"><span class='ocrx_word' id='word_1_414' title='bbox 1845 3292 1874 3325; x_wconf 87' lang='lat' dir='ltr'>a</span> <span class='ocrx_word' id='word_1_415' title='bbox 1892 3272 2092 3340; x_wconf 83' lang='lat' dir='ltr'>reditu,</span> <span class='ocrx_word' id='word_1_416' title='bbox 2112 3275 2304 3344; x_wconf 85' lang='lat' dir='ltr'>absque</span> <span class='ocrx_word' id='word_1_417' title='bbox 2319 3272 2528 3344; x_wconf 81' lang='lat' dir='ltr'>praelio,</span> <span class='ocrx_word' id='word_1_418' title='bbox 2545 3282 2632 3323; x_wconf 86' lang='lat' dir='ltr'>aut</span> <span class='ocrx_word' id='word_1_419' title='bbox 2650 3270 2866 3341; x_wconf 82' lang='lat' dir='ltr'>obliqua</span> 
     </span>
     <span class='ocr_line' id='line_1_69' title="bbox 1844 3348 2867 3423; baseline -0.006 -17"><span class='ocrx_word' id='word_1_420' title='bbox 1844 3352 2219 3418; x_wconf 76' lang='lat' dir='ltr'>conversione3</span> <span class='ocrx_word' id='word_1_421' title='bbox 2244 3371 2408 3423; x_wconf 86' lang='lat' dir='ltr'>quum</span> <span class='ocrx_word' id='word_1_422' title='bbox 2435 3351 2537 3422; x_wconf 88' lang='lat' dir='ltr'>ipsi</span> <span class='ocrx_word' id='word_1_423' title='bbox 2566 3361 2678 3401; x_wconf 88' lang='lat' dir='ltr'>tuto</span> <span class='ocrx_word' id='word_1_424' title='bbox 2708 3348 2867 3401; x_wconf 79' lang='lat' dir='ltr'>facile</span> 
     </span>
     <span class='ocr_line' id='line_1_70' title="bbox 1845 3428 2871 3503; baseline -0.003 -19"><span class='ocrx_word' id='word_1_425' title='bbox 1845 3444 1979 3484; x_wconf 88' lang='lat' dir='ltr'>esset</span> <span class='ocrx_word' id='word_1_426' title='bbox 2003 3444 2356 3503; x_wconf 80' lang='lat' dir='ltr'>opportunam</span> <span class='ocrx_word' id='word_1_427' title='bbox 2385 3431 2611 3501; x_wconf 77' lang='lat' dir='ltr'>aliquam</span> <span class='ocrx_word' id='word_1_428' title='bbox 2638 3428 2871 3482; x_wconf 82' lang='lat' dir='ltr'>occasio-</span> 
     </span>
     <span class='ocr_line' id='line_1_71' title="bbox 1845 3509 2872 3582; baseline -0.004 -18"><span class='ocrx_word' id='word_1_429' title='bbox 1845 3530 1969 3564; x_wconf 86' lang='lat' dir='ltr'>nem</span> <span class='ocrx_word' id='word_1_430' title='bbox 1992 3511 2251 3582; x_wconf 85' lang='lat' dir='ltr'>opperiri,</span> <span class='ocrx_word' id='word_1_431' title='bbox 2265 3530 2368 3582; x_wconf 85' lang='lat' dir='ltr'>qua</span> <span class='ocrx_word' id='word_1_432' title='bbox 2386 3509 2470 3563; x_wconf 84' lang='lat' dir='ltr'>vel</span> <span class='ocrx_word' id='word_1_433' title='bbox 2487 3510 2712 3562; x_wconf 85' lang='lat' dir='ltr'>faustum</span> <span class='ocrx_word' id='word_1_434' title='bbox 2735 3526 2872 3579; x_wconf 73' lang='lat' dir='ltr'>prae·</span> 
     </span>
     <span class='ocr_line' id='line_1_72' title="bbox 1844 3588 2872 3655; baseline -0.004 -13"><span class='ocrx_word' id='word_1_435' title='bbox 1844 3590 1976 3642; x_wconf 88' lang='lat' dir='ltr'>lium</span> <span class='ocrx_word' id='word_1_436' title='bbox 1998 3591 2347 3643; x_wconf 86' lang='lat' dir='ltr'>committeret</span> <span class='ocrx_word' id='word_1_437' title='bbox 2360 3627 2376 3655; x_wconf 88' lang='lat'>,</span> <span class='ocrx_word' id='word_1_438' title='bbox 2397 3589 2482 3642; x_wconf 77' lang='lat' dir='ltr'>vel</span> <span class='ocrx_word' id='word_1_439' title='bbox 2502 3588 2770 3642; x_wconf 79' lang='lat' dir='ltr'>lacessitus</span> <span class='ocrx_word' id='word_1_440' title='bbox 2790 3606 2872 3639; x_wconf 85' lang='lat' dir='ltr'>re-</span> 
     </span>
     <span class='ocr_line' id='line_1_73' title="bbox 1845 3665 2869 3741; baseline -0.005 -18"><span class='ocrx_word' id='word_1_441' title='bbox 1845 3682 2135 3741; x_wconf 78' lang='lat' dir='ltr'>pugnaret,</span> <span class='ocrx_word' id='word_1_442' title='bbox 2160 3682 2213 3722; x_wconf 90' lang='lat' dir='ltr'>et</span> <span class='ocrx_word' id='word_1_443' title='bbox 2240 3669 2516 3722; x_wconf 75' lang='lat' dir='ltr'>victoriam</span> <span class='ocrx_word' id='word_1_444' title='bbox 2551 3665 2869 3737; x_wconf 81' lang='lat' dir='ltr'>adipiscere-</span> 
     </span>
     <span class='ocr_line' id='line_1_74' title="bbox 1848 3744 2868 3821; baseline -0.004 -19"><span class='ocrx_word' id='word_1_445' title='bbox 1848 3762 1959 3815; x_wconf 86' lang='lat' dir='ltr'>tur;</span> <span class='ocrx_word' id='word_1_446' title='bbox 1977 3747 2121 3820; x_wconf 86' lang='lat' dir='ltr'>quod</span> <span class='ocrx_word' id='word_1_447' title='bbox 2138 3762 2317 3821; x_wconf 82' lang='lat' dir='ltr'>postea</span> <span class='ocrx_word' id='word_1_448' title='bbox 2338 3748 2556 3801; x_wconf 78' lang='lat' dir='ltr'>feliciter</span> <span class='ocrx_word' id='word_1_449' title='bbox 2576 3747 2747 3799; x_wconf 87' lang='lat' dir='ltr'>cessit.</span> <span class='ocrx_word' id='word_1_450' title='bbox 2773 3744 2868 3798; x_wconf 86' lang='lat' dir='ltr'>Rei</span> 
     </span>
     <span class='ocr_line' id='line_1_75' title="bbox 1849 3827 2544 3901; baseline -0.004 -20"><span class='ocrx_word' id='word_1_451' title='bbox 1849 3829 2090 3882; x_wconf 87' lang='lat' dir='ltr'>militaris</span> <span class='ocrx_word' id='word_1_452' title='bbox 2112 3828 2350 3901; x_wconf 86' lang='lat' dir='ltr'>judicent</span> <span class='ocrx_word' id='word_1_453' title='bbox 2369 3827 2544 3899; x_wconf 84' lang='lat' dir='ltr'>periti.</span> 
     </span>
    </p>

    <p class='ocr_par' dir='ltr' id='par_1_6' title="bbox 1850 3905 2871 4060">
     <span class='ocr_line' id='line_1_76' title="bbox 1933 3905 2871 3979; baseline -0.004 -18"><span class='ocrx_word' id='word_1_454' title='bbox 1933 3929 1984 3963; x_wconf 74' lang='lat' dir='ltr'>a.</span> <span class='ocrx_word' id='word_1_455' title='bbox 2017 3910 2150 3979; x_wconf 78' lang='lat' dir='ltr'>Quos</span> <span class='ocrx_word' id='word_1_456' title='bbox 2171 3929 2230 3960; x_wconf 76' lang='lat' dir='ltr'>ex</span> <span class='ocrx_word' id='word_1_457' title='bbox 2251 3913 2382 3961; x_wconf 81' lang='lat' dir='ltr'>omni</span> <span class='ocrx_word' id='word_1_458' title='bbox 2398 3911 2549 3976; x_wconf 79' lang='lat' dir='ltr'>copia.</span> <span class='ocrx_word' id='word_1_459' title='bbox 2575 3905 2696 3957; x_wconf 90' lang='lat' dir='ltr'>scil.</span> <span class='ocrx_word' id='word_1_460' title='bbox 2726 3921 2871 3957; x_wconf 84' lang='lat' dir='ltr'>exer·</span> 
     </span>
     <span class='ocr_line' id='line_1_77' title="bbox 1850 3985 2800 4060; baseline -0.005 -19"><span class='ocrx_word' id='word_1_461' title='bbox 1850 3988 1975 4041; x_wconf 86' lang='lat' dir='ltr'>citu.</span> <span class='ocrx_word' id='word_1_462' title='bbox 2011 3988 2162 4060; x_wconf 83' lang='lat' dir='ltr'>Copia</span> <span class='ocrx_word' id='word_1_463' title='bbox 2192 3985 2475 4040; x_wconf 85' lang='lat' dir='ltr'>multitudo</span> <span class='ocrx_word' id='word_1_464' title='bbox 2502 3985 2800 4037; x_wconf 85' lang='lat' dir='ltr'>hominum.</span> 
     </span>
    </p>

    <p class='ocr_par' dir='ltr' id='par_1_7' title="bbox 1852 4061 2868 4375">
     <span class='ocr_line' id='line_1_78' title="bbox 1934 4061 2866 4138; baseline -0.009 -17"><span class='ocrx_word' id='word_1_465' title='bbox 1934 4069 1985 4121; x_wconf 87' lang='lat'>3.</span> <span class='ocrx_word' id='word_1_466' title='bbox 2004 4068 2200 4138; x_wconf 73' lang='lat' dir='ltr'>Singuli</span> <span class='ocrx_word' id='word_1_467' title='bbox 2209 4067 2435 4137; x_wconf 73' lang='lat' dir='ltr'>singulos.</span> <span class='ocrx_word' id='word_1_468' title='bbox 2455 4065 2714 4117; x_wconf 85' lang='lat' dir='ltr'>Dicebant</span> <span class='ocrx_word' id='word_1_469' title='bbox 2726 4061 2866 4115; x_wconf 87' lang='lat' dir='ltr'>enim</span> 
     </span>
     <span class='ocr_line' id='line_1_79' title="bbox 1852 4142 2864 4217; baseline -0.006 -19"><span class='ocrx_word' id='word_1_470' title='bbox 1852 4151 1934 4200; x_wconf 80' lang='lat' dir='ltr'>vir</span> <span class='ocrx_word' id='word_1_471' title='bbox 1943 4151 2100 4199; x_wconf 80' lang='lat' dir='ltr'>virum</span> <span class='ocrx_word' id='word_1_472' title='bbox 2114 4149 2245 4217; x_wconf 69' lang='lat' dir='ltr'>legit.</span> <span class='ocrx_word' id='word_1_473' title='bbox 2264 4146 2430 4198; x_wconf 87' lang='lat' dir='ltr'>Tacit.</span> <span class='ocrx_word' id='word_1_474' title='bbox 2447 4142 2515 4196; x_wconf 89' lang='lat' dir='ltr'>de</span> <span class='ocrx_word' id='word_1_475' title='bbox 2527 4144 2668 4195; x_wconf 84' lang='lat' dir='ltr'>Mor.</span> <span class='ocrx_word' id='word_1_476' title='bbox 2683 4142 2864 4194; x_wconf 85' lang='lat' dir='ltr'>Germ.</span> 
     </span>
     <span class='ocr_line' id='line_1_80' title="bbox 1854 4219 2867 4296; baseline -0.008 -16"><span class='ocrx_word' id='word_1_477' title='bbox 1854 4244 1899 4279; x_wconf 88' lang='lat' dir='ltr'>c.</span> <span class='ocrx_word' id='word_1_478' title='bbox 1928 4229 1981 4280; x_wconf 89' lang='grc'>6.</span> <span class='ocrx_word' id='word_1_479' title='bbox 2007 4227 2130 4279; x_wconf 86' lang='lat' dir='ltr'>Fuit</span> <span class='ocrx_word' id='word_1_480' title='bbox 2150 4244 2274 4296; x_wconf 80' lang='lat' dir='ltr'>ergo</span> <span class='ocrx_word' id='word_1_481' title='bbox 2314 4225 2418 4277; x_wconf 85' lang='lat' dir='ltr'>hoc</span> <span class='ocrx_word' id='word_1_482' title='bbox 2439 4241 2603 4295; x_wconf 77' lang='lat' dir='ltr'>genus</span> <span class='ocrx_word' id='word_1_483' title='bbox 2628 4219 2867 4293; x_wconf 87' lang='lat' dir='ltr'>peditum</span> 
     </span>
     <span class='ocr_line' id='line_1_81' title="bbox 1855 4304 2868 4375; baseline -0.008 -16"><span class='ocrx_word' id='word_1_484' title='bbox 1855 4323 1987 4375; x_wconf 86' lang='lat' dir='ltr'>quos</span> <span class='ocrx_word' id='word_1_485' title='bbox 2017 4306 2188 4360; x_wconf 63' lang='lat' dir='ltr'>Greci</span> <span class='ocrx_word' id='word_1_486' title='bbox 2219 4316 2474 4361; x_wconf 75' lang='lat' dir='ltr'>vocarunt</span> <span class='ocrx_word' id='word_1_487' title='bbox 2504 4304 2743 4361; x_wconf 75' lang='grc' dir='ltr'><strong>ἀνίππους</strong></span> <span class='ocrx_word' id='word_1_488' title='bbox 2763 4338 2781 4366; x_wconf 85' lang='grc'><em>,</em></span> <span class='ocrx_word' id='word_1_489' title='bbox 2811 4310 2868 4352; x_wconf 78' lang='lat' dir='ltr'>ut</span> 
     </span>
    </p>
   </div>
   <div class='ocr_carea' id='block_1_6' title="bbox 3090 1162 3101 2025">
    <p class='ocr_par' dir='ltr' id='par_1_8' title="bbox 3090 1162 3101 2025">
     <span class='ocr_line' id='line_1_82' title="bbox 3090 1162 3101 2025; baseline 0 0"><span class='ocrx_word' id='word_1_490' title='bbox 3090 1162 3101 2025; x_wconf 95' lang='lat' dir='ltr'> </span> 
     </span>
    </p>
   </div>
  </div>
 </body>
</html>
