3111 5147
740 544 887 620 332
1050 547 1129 616 C.
1184 545 1469 615 JULII
1543 543 2012 615 CAESARIS
2074 542 2632 616 COMMENT.

751 726 758 733 -
839 681 1161 750 XXXIX.
1201 677 1612 773 Eporedorix
1654 675 1939 763 AEduus,
1972 699 2232 746 summo
2270 675 2416 747 loeo
2453 675 2678 747 natus¹
2708 676 2869 747 ado·

739 785 986 857 lescens
1005 840 1025 875 ,
1060 799 1129 855 et
1167 809 1437 855 summae
1480 783 1659 852 domi
1698 783 2007 877 potentie
2026 834 2047 869 ,
2086 797 2156 852 et
2193 807 2325 851 una
2366 784 2822 854 Viridomarus
2842 838 2866 873 ‚

736 893 881 988 pari
914 906 1102 962 aetate
1134 905 1204 960 et
1235 892 1469 986 gratia,
1494 889 1610 960 sed
1643 896 1897 984 genere
1916 887 2160 983 dispari
2180 943 2200 977 ‚
2226 914 2423 983 quem
2456 893 2718 978 Caesar,
2748 891 2865 959 sibi

737 998 824 1067 ab
867 1000 1195 1069 Divitiaco
1235 996 1594 1114 traditum,
1625 1020 1707 1064 ex
1749 993 1982 1064 humili
2028 993 2176 1065 loco
2220 995 2305 1064 ad
2353 1020 2680 1065 summam
2727 996 2864 1091 dig-

737 1106 1011 1174 nitatem
1066 1099 1530 1232 perduxerat',
1577 1103 1644 1170 in
1697 1102 1990 1195 equitum
2050 1126 2329 1170 numero
2377 1117 2868 1190 convenerant,

739 1211 1128 1280 nominatim
1162 1210 1246 1278 ab
1280 1194 1396 1278 eo³
1420 1210 1694 1278 evocati.
1737 1208 1856 1276 His
1892 1220 2035 1275 erat
2072 1209 2244 1275 inter
2276 1233 2345 1276 se
2378 1207 2460 1277 de
2495 1156 2868 1303 principaui

743 1318 1122 1404 contentiO,
1164 1330 1232 1385 et
1273 1316 1341 1384 in
1369 1314 1478 1384 illa
1519 1316 2017 1410 magistratuum
2063 1316 2509 1383 controversia
2551 1314 2722 1383 alter
2753 1341 2867 1410 pro

748 1369 1316 1511 Convictolitane,
1358 1419 1522 1490 alter
1558 1446 1682 1516 pro
1725 1422 1899 1488 Coto
1941 1420 2214 1487 summis
2255 1420 2492 1515 opibus
2536 1446 2869 1515 pugnave-

745 1515 950 1597 rant⁴.
987 1529 1132 1598 Ex
1114 1529 1191 1598 iis
1227 1528 1678 1623 Eporedorix,
1711 1527 1976 1620 cognito
2008 1526 2283 1594 Litavici
2308 1526 2626 1615 consilio,
2664 1526 2871 1597 media

749 1634 888 1704 fere
928 1648 1125 1705 nocte
1166 1660 1309 1704 rem
1350 1634 1436 1703 ad
1470 1637 1797 1703 Caesarem
1841 1630 2096 1719 defert;
2139 1647 2323 1720 orat,
2368 1662 2401 1697 tt
2423 1658 2507 1701 ne
2547 1635 2832 1751 patiatur
2851 1687 2870 1719 ,

751 1742 1079 1811 civitatem
1112 1742 1332 1836 pravis
1359 1739 1871 1811 adolescentium
1911 1685 2193 1808 consiliis
2218 1739 2302 1807 ab
2331 1740 2617 1808 amicitia
2656 1739 2873 1835 populi

751 1849 1008 1916 romani
1044 1847 1355 1917 deficere·
1340 1898 1359 1933 ,
1383 1845 1564 1940 quod
1607 1844 1903 1914 futurum
1938 1844 2313 1940 provideat,
2340 1847 2392 1915 si
2432 1871 2501 1914 se
2536 1861 2639 1914 tot
2668 1846 2871 1914 homi·

754 1977 915 2021 num
949 1950 1148 2022 millia
1182 1976 1335 2022 cum
1367 1951 1667 2021 hostibus
1705 1953 2197 2046 conjunxerint,
2232 1977 2519 2045 quorum
2564 1936 2871 2022 salutem⁵

755 2082 969 2153 neque
1023 2058 1376 2155 propinqui
1426 2057 1803 2154 negligere,
1844 2083 2058 2153 neque
2102 2060 2329 2128 civitas
2371 2056 2499 2126 levi
2543 2072 2876 2128 momento

759 2167 1078 2235 aestimare
1121 2180 1358 2262 posset.
1396 2195 1433 2231 n

864 2274 1011 2341 XL.
1067 2274 1315 2369 Magna
1368 2272 1648 2343 affectus
1701 2271 2130 2343 sollicitudine
2171 2273 2302 2343 hoc
2345 2273 2577 2342 nuntio
2621 2276 2843 2343 ΟΜ
2862 2325 2882 2359 ,

761 2378 941 2473 quod
977 2404 1234 2474 semper
1259 2380 1626 2449 AEduorum
1659 2380 1906 2449 civitati
1935 2382 2260 2476 praecipue
2291 2379 2672 2463 indulserat,
2699 2377 2881 2446 nulla

761 2487 1144 2580 interposita
1184 2484 1588 2554 dubitatione
1630 2482 1919 2582 legiones
1962 2485 2295 2582 expeditas
2316 2486 2334 2510 ¹
2375 2499 2651 2581 quatuor
2694 2485 2881 2579 equi-

765 2604 1109 2684 tatumque
1151 2616 1412 2661 omnem
1448 2618 1529 2660 ex
1566 2595 1792 2662 castris
1834 2593 2096 2664 educit:
2125 2618 2248 2663 nec
2293 2593 2417 2662 fuit
2450 2594 2734 2711 spatium
2772 2589 2886 2660 tali

764 2710 1063 2790 tempore
1098 2695 1183 2765 ad
1218 2698 1667 2768 contrahenda
1699 2697 1956 2769 castra²
1961 2754 1980 2789 ,
2015 2699 2196 2795 quod
2228 2726 2331 2770 res
2368 2701 2581 2794 posita
2614 2700 2685 2767 in
2720 2695 2886 2768 eele-

763 2802 955 2871 ritate
995 2788 1401 2872 videbaturffi
1435 2807 1510 2873 C.
1554 2808 1608 2874 F
1609 2795 1867 2875 abtum
1898 2805 2187 2903 legatum
2223 2830 2377 2875 cum
2420 2805 2787 2902 legionibus
2818 2805 2886 2872 II

770 3004 955 3059 illatas.
988 3006 1199 3077 Itym-ias
1221 3007 1366 3060 enim
1383 3007 1580 3060 dicimm
1606 3020 1702 3060 tam
1729 3009 1787 3060 il-
1904 2996 2079 3062 Car.
2116 3009 2231 3062 XL.
2273 3026 2316 3061 ι.
2349 3008 2583 3078 Legiones
2628 3006 2889 3078 expeditas.

773 3085 926 3139 Ionem
944 3090 1308 3159 quipatiuntur‚
1326 3108 1468 3160 quam
1481 3090 1782 3162 quifaciune.
1870 3088 2112 3155 Quorum
2130 3089 2350 3152 milites,
2364 3106 2463 3140 nec
2478 3087 2706 3152 vallum,
2721 3103 2891 3157 neque

771 3178 835 3219 ut
861 3168 1064 3219 notavit
1089 3169 1152 3219 A.
1168 3167 1303 3220 Gen.
1321 3181 1462 3222 noct.
1490 3171 1598 3222 Att.
1628 3187 1716 3235 rx,
1737 3187 1784 3222 c.
1870 3168 2051 3221 cibum
2073 3187 2174 3240 pro
2200 3186 2350 3220 more
2372 3167 2624 3220 ferebant.
2651 3166 2799 3219 Gon.

782 3263 806 3298 1
819 3265 871 3299 a.
899 3246 1085 3298 Dans.
1956 3268 2008 3302 2.
2025 3248 2118 3301 Ad
2128 3247 2450 3300 contrahenda
2467 3257 2635 3298 castr-a.
2649 3242 2800 3309 Quid
2819 3243 2893 3298 sit

855 3325 983 3378 Cu’.
1012 3324 1265 3378 XXXIX.
1290 3327 1654 3396 LEporedon'ae
1669 3346 1791 3378 sum-
1874 3329 2147 3380 conte-aliem
2186 3339 2374 3393 castra,
2396 3324 2503 3380 vid.
2538 3341 2726 3394 supra,
2752 3323 2790 3375 l.
2818 3341 2889 3389 ν,

777 3423 854 3455 mo
883 3406 986 3456 loco
1010 3416 1166 3456 natus.
1196 3403 1536 3457 Occasionem
1564 3403 1674 3458 doli
1698 3403 1789 3458 de
1877 3413 1970 3476 49.
1993 3408 2161 3460 Porro
2185 3426 2249 3460 ex
2272 3425 2388 3479 cap.
2412 3423 2511 3475 seq.
2535 3415 2753 3474 apparet
2770 3401 2891 3456 hac

775 3485 930 3548 tecti,
947 3484 1040 3555 qui
1062 3502 1159 3555 per
1182 3484 1478 3537 Litavicum
1501 3504 1667 3538 nexus
1684 3486 1794 3540 fue-
1876 3499 2042 3539 castra
2056 3488 2216 3539 fuisse
2226 3505 2419 3558 magno
2433 3483 2892 3554 ambituqumoa-

777 3574 894 3629 rat,
922 3562 1025 3616 hoc
1054 3581 1170 3634 cap.
1199 3561 1465 3617 describit.
1879 3568 2064 3617 trahere
2089 3564 2378 3618 admodum
2403 3582 2610 3618 neeesse
2621 3562 2811 3628 fuerit,
2831 3573 2892 3615 ut

862 3662 912 3696 a.
943 3642 1260 3695 Perduoemt.
1303 3645 1383 3695 Ita
1413 3661 1596 3696 omnes
1634 3641 1790 3699 oodd.
1877 3664 1937 3698 ea
1958 3660 2127 3700 essent
2149 3646 2368 3699 fortiora
2385 3658 2439 3698 et
2456 3642 2777 3708 munitiora,
2793 3640 2893 3695 nisi

778 3718 1125 3792 Oudendorp.
1157 3723 1305 3775 malit
1317 3722 1633 3794 producet-at.
1877 3726 2026 3796 prius
2044 3726 2319 3796 necessitas
2342 3726 2602 3780 Cosarem
2628 3722 2887 3795 coegisset.

860 3801 913 3854 3.
949 3801 1034 3854 Ab
1062 3820 1134 3854 eo.
1166 3799 1288 3856 scil.
1316 3821 1345 3855 a
1375 3803 1595 3857 Caesare.
1964 3807 2018 3859 3.
2037 3807 2436 3877 Quadi-aposita
2454 3799 2897 3856 beceletitataevide·

859 3888 913 3946 4.
932 3880 1289 3951 Pae-naverunt.
1318 3883 1530 3953 Vulgat.
1550 3903 1795 3954 pugnave-
1879 3884 2035 3938 batur.
2070 3886 2281 3958 Vulgat.
2315 3884 2445 3957 quod
2470 3904 2543 3935 res
2570 3887 2623 3935 in
2662 3882 2894 3934 celerima

777 3972 875 4014 rat.
898 3960 1029 4014 Levi
1052 3963 1359 4017 mutatione.
1378 3961 1512 4017 Cod.
1530 3965 1596 4018 R.
1618 3964 1765 4035 5763
1778 4001 1796 4030 ,
1874 3968 2037 4035 posita
2056 3986 2155 4018 esse
2187 3964 2458 4017 videbatur.
2482 3959 2896 4032 Oudendorpius

773 4053 1123 4112 pugnam-am.
1881 4045 2190 4098 auctoritate
2234 4042 2388 4098 codd.
2429 4041 2631 4095 delevit
2673 4061 2772 4093 esse
2788 4078 2803 4101 ,
2845 4051 2896 4091 et

866 4119 917 4173 5.
931 4120 1146 4189 Quorum
1156 4123 1471 4187 salutemet&
1486 4120 1799 4193 ErgoAEdui
1881 4127 2204 4195 transposuit
2239 4125 2401 4177 verba
2427 4122 2585 4176 sicuti
2614 4119 2853 4178 videmus
2877 4136 2899 4171 .·

783 4215 892 4250 non
905 4196 1251 4262 deserentilla
1279 4214 1359 4256 tot
1375 4203 1540 4255 millia
1552 4221 1797 4268 suorum,
1884 4205 1971 4257 cui
1992 4205 2160 4258 nostri
2188 4221 2403 4276 quoque
2430 4201 2791 4256 assentiuntur
2810 4215 2898 4251 oo·

785 4293 881 4329 uec
905 4291 1089 4333 eontra
1111 4299 1200 4334 eos
1224 4300 1349 4335 cum
1366 4281 1570 4337 Cosare
1586 4300 1802 4338 consen-
1884 4282 2027 4338 dices
2056 4286 2168 4338 RR.

790 4356 936 4409 tient.
967 4357 1040 4408 Μ.
1970 4370 2021 4426 4.
2072 4364 2131 4417 C.
2176 4363 2401 4418 Fabium.
2442 4356 2709 4416 Eundem
2753 4373 2903 4431 quen
