3111 5147
699 498 868 708 ,4483
1000 553 1077 619 C.
1132 551 1419 638 JUL‚11
1475 548 1965 621 CAESARIS,
2005 546 2561 619 COMMENT.

707 668 891 771 nes³,
932 683 1017 752 ad
1057 696 1273 752 castra
1312 681 1601 751 hostium
1648 681 2030 775 praemittit.
2076 683 2216 776 ipse
2265 679 2593 775 legionem
2648 706 2874 750 unam

706 792 778 860 in
805 737 978 859 trina
1005 776 1254 860 castra⁴
1284 788 1649 874 distribuit,
1675 785 1951 855 alteram
1979 810 2205 856 secum
2235 787 2609 881 expeditam
2646 788 2871 857 ducit.
2886 836 2900 847 ·

709 898 941 987 Quum
970 899 1242 992 propius
1270 895 1495 965 hostes
1525 876 1960 981 accessisset,
1983 891 2070 960 ab
2103 890 2663 989 exploratoribus,
2688 919 2876 989 quos

708 1005 1154 1099 praemiserat,
1176 1001 1563 1098 cognoscit,
1590 1013 1808 1071 castra
1850 1021 2127 1087 eorum,
2153 1013 2231 1067 ut
2254 999 2701 1068 barbarorum
2728 1001 2875 1069 fert

709 1109 1167 1198 consuetudo,
1206 1107 1449 1178 relictis
1487 1106 1650 1176 locis
1690 1105 2178 1202 superioribus,
2218 1105 2302 1174 ad
2344 1107 2518 1200 ripas
2563 1105 2871 1175 fluminis

708 1240 851 1285 esse
904 1215 1186 1285 demissa
1234 1240 1249 1282 :
1300 1228 1372 1283 at
1411 1216 1785 1285 Germanos
1842 1198 2271 1308 equitesque⁶
2320 1212 2869 1332 imprudentibus

706 1321 1019 1393 omnibus
1047 1321 1185 1391 de
1168 1322 1527 1441 improviso
1565 1319 1941 1409 advolasse,
1978 1335 2045 1389 et
2080 1318 2381 1416 praelium
2421 1321 2864 1389 commisisse.-

709 1430 865 1519 Qua
896 1453 968 1499 re
1003 1429 1305 1525 cognita,
1347 1427 1676 1523 legionem
1718 1442 2039 1497 armatam
2083 1429 2607 1546 instructamque
2645 1425 2861 1495 addu-

710 1538 818 1606 cit.
875 1538 980 1605 Ita
1005 1549 1340 1632 ,repente
1397 1534 1705 1605 omnibus
1746 1558 1827 1603 ex
1866 1535 2166 1630 partibus
2220 1534 2439 1627 signo
2456 1528 2665 1620 dato,
2708 1532 2855 1601 loca

712 1592 1055 1738 superiora
1089 1645 1459 1738 capiuntur.
1499 1639 1704 1761 Quod
1742 1640 1860 1710 ubi
1893 1640 2168 1729 accidit,
2201 1642 2519 1711 Germani
2570 1642 2851 1735 equites-

711 1773 841 1843 que
867 1803 894 1837 ,
943 1749 1145 1848 signis
1198 1748 1473 1845 legionis
1531 1749 1688 1818 visis
1713 1802 1734 1836 ,
1785 1748 2355 1817 vehementissime
2413 1745 2803 1841 praeliantur
2838 1772 2853 1815 :

713 1854 1063 1925 confestim
1121 1880 1352 1925 omnes
1407 1854 1717 1925 cohortes
1746 1853 1771 1895 ⁷
1828 1853 2119 1950 undique
2172 1855 2495 1948 impetum
2556 1853 2858 1942 faciunt3

714 1961 1151 2056 omnibusque
1178 1976 1296 2031 aut
1322 1961 1683 2032 interfectis
1701 2014 1722 2050 ,
1750 1975 1867 2031 aut
1903 1962 2113 2056 captis
2130 2013 2150 2050 ,
2184 1984 2427 2057 magna
2448 1960 2698 2056 praeda
2737 1986 2857 2055 po—

712 2069 985 2137 tiuntur.
1028 2068 1308 2164 Capitur
1340 2070 1479 2164 ipse
1511 2092 1593 2137 eo
1628 2066 1853 2164 praelio
1886 2069 2212 2165 Drappes.

820 2176 1182 2246 XXXVII.
1238 2176 1553 2245 Caninius
1566 2229 1585 2264 ,
1609 2174 1973 2246 felicissime
1996 2200 2068 2245 re
2097 2189 2283 2270 gesta
2300 2227 2319 2262 ,
2343 2175 2480 2243 sine
2504 2172 2644 2243 ullo
2667 2199 2861 2270 paene

713 2279 937 2351 militis
971 2278 1245 2352 vulnere
1268 2337 1288 2371 ,
1330 2279 1416 2351 ad
1457 2281 1852 2351 obsidendos
1895 2280 2262 2378 oppidanos
2299 2283 2701 2369 revertitur3
2746 2307 2857 2350 ex·

714 2402 1036 2483 ternoque
1078 2388 1270 2459 hoste
1310 2386 1524 2457 deleto
1547 2442 1569 2477 ,
1613 2390 1799 2483 cujus
1842 2391 2078 2458 timore
2120 2403 2315 2456 antea
2355 2386 2650 2456 dividere
2686 2412 2859 2482 prae-

716 2494 880 2564 sidia
898 2493 944 2584 ¹,
974 2509 1043 2563 et
1067 2495 1431 2564 munitione
1453 2495 1821 2591 oppidanos
1851 2493 2262 2565 circumdare.
2287 2493 2662 2591 prohibitus
2678 2509 2858 2583 erat,

715 2690 880 2731 retur.
913 2676 1075 2731 Unde
1111 2696 1222 2730 non
1270 2677 1407 2730 male
1454 2678 1632 2731 forsan
1681 2680 1738 2730 in

717 2758 935 2823 Ursini,
967 2758 1145 2811 Petav.
1170 2770 1225 2811 et
1247 2755 1397 2810 Leid.
1415 2775 1501 2829 pr.
1534 2769 1613 2810 est
1620 2777 1738 2828 per-

720 2840 891 2889 terreri
908 2839 1111 2911 reliquos
1120 2838 1274 2907 facile
1293 2850 1342 2890 et
1361 2841 1564 2909 opprimi
1576 2857 1733 2909 posse,

716 2931 771 2971 et
807 2916 1194 2991 Oudendorpio
1219 2936 1437 2989 prorsus
1466 2917 1735 2971 assentior.

803 2998 854 3051 3.
871 2997 1080 3052 Soemmoe
1097 2998 1368 3050 velocitatis
1393 2999 1614 3051 homines.
1632 2998 1737 3050 Pro

721 3078 928 3131 homines
959 3078 1190 3150 Vulgata
1233 3079 1393 3131 habet
1430 3098 1605 3131 omnes.
1646 3078 1737 3131 Nil

717 3170 883 3212 muta.
907 3158 1091 3211 Nostri
1121 3155 1278 3211 codd.
1308 3158 1560 3211 exhibent
1586 3159 1736 3209 Immi-

717 3257 815 3291 πω.
842 3238 1110 3310 Frequens
1139 3249 1218 3290 est
1253 3238 1490 3290 mutatio.
1515 3239 1637 3290 Jam
1663 3237 1740 3289 vi-

719 3314 929 3382 dimus,
956 3317 993 3371 l.
1019 3336 1099 3384 ιι,
1129 3334 1175 3370 c.
1215 3318 1322 3382 30,
1353 3330 1514 3382 απ,
1553 3321 1655 3383 ι6,
1685 3329 1738 3370 et

716 3396 862 3449 alibi.

799 3482 851 3540 4.
884 3476 941 3528 In
968 3480 1094 3527 trina
1115 3488 1290 3528 castra.
1315 3476 1476 3528 Recte
1494 3493 1559 3528 ex
1579 3474 1734 3529 codd.

715 3553 856 3608 And.
901 3556 1080 3608 Petav.
1115 3569 1168 3609 et
1204 3568 1388 3609 nostro
1411 3556 1475 3608 R.
1515 3555 1668 3626 5764
1707 3574 1735 3608 a

714 3636 887 3707 prima
915 3653 1093 3687 mann.
1133 3635 1269 3700 Alii,
1302 3638 1430 3686 intra
1458 3648 1636 3689 castra.
1668 3637 1740 3688 At

714 3734 883 3788 supin,
896 3733 942 3768 c.
973 3714 1062 3772 33,
1086 3712 1221 3767 dixit
1243 3714 1481 3782 Hirtius,
1497 3719 1625 3767 trina
1652 3736 1737 3768 es:-

715 3796 969 3848 celse'ssitrw
999 3795 1103 3846 loco
1132 3807 1296 3847 castra
1309 3796 1449 3862 fecit.

801 3875 853 3929 5.
889 3874 1068 3926 Hostes
1094 3879 1374 3928 accessisset.
1410 3876 1493 3927 Ita
1531 3873 1739 3928 codices

713 3951 883 4008 nostri
894 3966 950 4008 et
961 3954 1150 4026 optimi
1168 3955 1272 4009 alii.
1288 3953 1738 4060 Quidamhostem:

716 4052 908 4106 parum
938 4032 1136 4088 differt.

802 4117 856 4167 6.
878 4113 1145 4168 Gemanos
1143 4117 1443 4189 ,equite-tque.
1462 4115 1604 4167 Male
1616 4114 1737 4168 Sca-

717 4192 853 4263 liger
866 4194 1143 4265 etVulgata
1157 4196 1474 4249 omittuntrb
1484 4215 1602 4267 que.-
1616 4212 1737 4246 nam

717 4273 1014 4327 inexercitu
1025 4292 1160 4330 rom.
1170 4287 1438 4329 erantnon
1447 4275 1622 4330 solum
1628 4292 1742 4347 ger·

1822 2681 1964 2732 mani
1973 2680 2205 2751 equites,
2221 2676 2313 2732 sed
2326 2690 2380 2730 et
2391 2680 2628 2750 germani
2642 2677 2851 2771 pedit&

1821 2759 1949 2812 levis
1965 2757 2241 2812 armatura
2255 2759 2380 2830 ,qui
2391 2759 2685 2811 intermixti
2710 2760 2855 2812 inter

1822 2839 2022 2909 equites
2031 2840 2407 2910 preliabantur
2416 2834 2474 2900 (l.
2490 2856 2594 2902 vn,
2610 2836 2729 2905 65),
2729 2840 2850 2892 etin

1823 2936 1886 2970 eo
1907 2918 2023 2989 ipso
2047 2937 2182 2990 cap„
2206 2919 2261 2970 in
2283 2937 2392 2990 quo
2412 2936 2707 2982 moramur,
2724 2923 2854 2992 equi-

1824 3009 1975 3048 tatum
2014 3017 2225 3059 omnem,
2267 3016 2612 3072 germanosque
2645 3000 2848 3070 pontica.

1822 3077 1971 3130 Nihil
2001 3077 2164 3149 igitur
2184 3075 2354 3130 dubii.

1904 3176 1957 3227 7.
1981 3157 2241 3225 Confestim
2263 3157 2492 3211 cohortes.
2523 3156 2850 3229 Languidior

1821 3251 1901 3290 est
1928 3237 2137 3309 vulgata
2173 3237 2331 3290 lectio
2347 3276 2363 3303 ,
2400 3239 2641 3304 confi-uim
2681 3258 2841 3289 omnes

1821 3318 2049 3370 cohortes.
2082 3318 2212 3370 Dele
2246 3319 2303 3370 τὸ
2336 3311 2525 3379 omnes‘,
2557 3315 2694 3389 quod
2721 3336 2832 3369 non

1821 3410 2111 3468 agnoscunt
2163 3398 2357 3468 optimi
2417 3395 2620 3452 codices
2662 3414 2837 3468 neque

1822 3478 2005 3529 nostri.

1901 3556 2029 3610 Cn.
2055 3555 2340 3608 XXXVII.
2380 3575 2426 3608 1.
2467 3557 2695 3609 Dividere
2711 3576 2845 3627 pm·

1820 3636 1962 3689 sidia.
1995 3636 2360 3688 Restituerunt
2389 3634 2621 3690 editores
2648 3637 2845 3708 Bipon·

1823 3716 1940 3781 tini,
1954 3715 2145 3787 quibus
2177 3716 2453 3781 assentior,
2471 3717 2847 3769 consentienti-

1822 3797 1921 3848 bus
1945 3797 2139 3848 nostris
2171 3793 2328 3848 codd.
2364 3795 2516 3866 5763
2548 3810 2604 3848 et
2646 3801 2753 3860 64,
2794 3807 2845 3848 et

1823 3875 1971 3928 MSS.
2001 3876 2253 3947 Bongars.
2292 3876 2471 3948 Cujac.
2505 3875 2745 3928 Petavin.
2781 3873 2847 3927 ad

1823 3956 2121 4009 oramlibri.
2133 3955 2434 4020 Quoelectio
2443 3957 2620 4027 aptior
2632 3967 2712 4008 est
2725 3954 2846 4006 huic

1823 4036 1984 4088 loco:
2020 4053 2143 4088 nam
2188 4035 2381 4087 timore
2425 4036 2634 4088 externi
2683 4034 2845 4087 hostis

1825 4115 2080 4169 Caninius
2111 4134 2225 4168 non
2257 4131 2410 4168 ausus
2452 4127 2566 4168 erat
2608 4112 2847 4167 dividere

1822 4192 2067 4267 praesidia
2081 4234 2099 4260 ,
2114 4214 2184 4248 ne
2204 4197 2378 4248 minus
2394 4206 2567 4248 essent
2583 4193 2761 4248 valida
2783 4190 2846 4246 ad

1824 4273 2192 4330 resistendum.
2220 4275 2446 4348 Vulgata
2474 4275 2667 4343 lectio,
2690 4291 2843 4346 qum
