3111 5147
721 541 864 616 156
1025 545 1103 614 C.
1155 544 1438 611 JULII
1494 540 1959 611 CAESARIS
2013 539 2556 609 COMMENT.

711 680 909 745 Hunc
967 674 1053 743 ad
1112 674 1581 770 egrediendum
1642 695 2057 766 nequaquam
2115 670 2425 739 idoneum
2484 669 2829 739 arbitratus

710 780 930 852 locum
946 835 966 871 ,
991 782 1152 850 dum
1181 779 1447 874 reliquae
1485 802 1686 847 naves
1717 803 1797 846 eo
1837 779 2298 864 convenirent,
2322 776 2407 852 ad
2445 776 2679 845 horam
2718 802 2833 845 no-

711 911 865 956 nam
881 886 1020 955 ¹⁰'in
1048 889 1306 956 ancoris
1349 885 1770 980 exspectavit.
1802 886 2079 952 Interim
2114 884 2378 978 Legatis
2403 882 2834 977 Tribunisque

711 992 990 1072 militum
1022 994 1429 1081 convocatis,
1453 1006 1521 1059 et
1550 1015 1698 1085 quae
1724 1014 1806 1058 ex
1834 988 2171 1059 Voluseno
2202 1002 2579 1083 cognosset,
2605 1002 2674 1057 et
2694 1013 2837 1082 quae

713 1099 855 1168 fieri
905 1098 1104 1167 vellet
1135 1098 1453 1184 ostendit,
1486 1094 1931 1191 monuitque¹¹
1975 1087 2091 1183 (ut
2141 1098 2237 1165 rei
2291 1094 2587 1163 militaris
2641 1096 2837 1182 ratio,

712 1207 996 1273 maxime
1018 1219 1096 1273 ut
1116 1205 1455 1274 maritimae
1478 1228 1582 1273 res
1606 1201 2049 1299 postularent,
2068 1215 2146 1269 ut
2170 1226 2315 1295 quae
2338 1199 2616 1271 celerem
2643 1214 2839 1293 atque

713 1308 1080 1379 instabilem
1120 1309 1409 1380 motum¹
1417 1303 1860 1398 ²haberent),
1890 1308 1975 1377 ad
2027 1322 2263 1376 nutum
2320 1321 2389 1375 et
2440 1307 2525 1375 ad
2579 1320 2838 1400 tempus

716 1441 944 1486 omnes
974 1442 1078 1485 res
1108 1417 1250 1485 ab
1233 1417 1308 1484 iis
1325 1416 1955 1485 administrarentur.
1990 1416 2110 1483 His
2142 1413 2455 1500 dimissiS,
2473 1426 2541 1481 et
2568 1427 2836 1481 ventum

716 1536 784 1590 et
829 1536 1059 1591 aestum
1111 1547 1249 1592 uno
1301 1537 1599 1618 tempore
1652 1537 1884 1591 nactus
1924 1521 2321 1606 secundum,
2345 1518 2501 1588 dato
2549 1520 2737 1613 signo
2775 1532 2841 1587 et

719 1627 986 1698 sublatis
1025 1630 1317 1717 ancoriS,
1342 1630 1604 1698 circiter
1641 1627 1843 1697 millia
1888 1651 2200 1758 passuum
2233 1628 2369 1695 VII
2422 1626 2506 1694 ab
2563 1649 2642 1694 eo
2695 1622 2837 1695 loco

718 1760 1138 1830 progressus,
1162 1749 1394 1829 aperto
1426 1760 1503 1804 ac
1545 1732 1745 1827 plano
1775 1719 2062 1803 littore¹³
2091 1757 2294 1802 naves
2325 1732 2680 1802 constituit.

824 1843 1078 1908 XXIV.
1121 1842 1211 1908 At
1241 1840 1536 1927 barbari,
1560 1840 1830 1910 consilio
1870 1842 2324 1909 Romanorum
2365 1839 2664 1933 cognito,
2687 1862 2838 1932 prae-

719 1947 918 2015 misso
968 1947 1261 2039 equitatu
1313 1960 1381 2013 et
1431 1944 1800 2015 essedariis¹
1808 1971 1982 2041 ,quo
2041 1945 2428 2064 plerumque
2485 1968 2724 2038 genere
2773 1945 2838 2011 ιιι

719 2050 954 2146 praeliis
1004 2054 1099 2120 uti
1143 2067 1546 2121 consuerunt
1566 2050 1881 2147 ,reliquis
1923 2054 2127 2146 copiis
2172 2051 2547 2138 subsecuti,
2582 2064 2837 2119 nostros

717 2158 995 2227 navibus
1037 2158 1257 2254 egredi
1296 2158 1752 2254 prohibebant.
1799 2161 1964 2228 Erat
2005 2158 2093 2226 ob
2144 2157 2265 2228 has
2315 2181 2543 2226 causas
2585 2179 2837 2225 summa

719 2263 1071 2360 difficultas
1084 2265 1309 2360 ,quod
1341 2290 1541 2334 naves
1568 2280 1891 2360 propter
1870 2263 2420 2359 magnitudinem,
2441 2263 2564 2331 nisi
2589 2264 2657 2330 in
2679 2261 2836 2350 alto,

720 2373 1028 2441 constitui
1073 2397 1205 2441 non
1256 2386 1596 2466 poterant3
1618 2369 1929 2440 militibus
1973 2384 2191 2439 autem
2228 2370 2466 2464 ignotis
2502 2369 2695 2457 lociS,
2720 2370 2835 2436 im·

719 2477 952 2571 peditis
991 2477 1325 2562 manibuS,
1347 2501 1591 2571 magno
1631 2490 1697 2544 et
1737 2478 1922 2571 gravi
1959 2502 2297 2546 armorum
2340 2500 2540 2544 onere
2573 2499 2836 2569 oppres·

721 2585 839 2671 διε,
862 2582 1051 2652 simul
1095 2597 1162 2651 et
1190 2583 1272 2651 de
1311 2583 1588 2652 navibus
1621 2582 2046 2652 desiliendum
2065 2639 2083 2673 ,
2114 2598 2181 2652 et
2218 2585 2285 2650 in
2316 2580 2657 2651 fluctibus²
2686 2606 2836 2651 con-

721 2688 1112 2776 sistendum,
1136 2704 1204 2756 et
1233 2713 1382 2757 cum
1403 2687 1702 2759 hostibus
1721 2704 1864 2760 erat
1879 2689 2309 2785 pugnandum
2336 2714 2349 2756 :
2378 2714 2583 2782 quum
2610 2685 2702 2756 illi
2729 2700 2839 2755 aut

722 2819 804 2862 ex
827 2794 1170 2883 arido,aut
1195 2792 1536 2889 paululum
1560 2797 1626 2864 in
1651 2820 1885 2891 aquam
1920 2797 2282 2891 progressi,
2309 2795 2613 2864 omnibus
2647 2818 2838 2862 mem·

1823 2998 1968 3051 hunc
1994 2998 2174 3051 locum
2203 2996 2538 3062 cruciarunt,
2579 3008 2642 3048 ut
2679 2994 2835 3049 alium

1823 3078 2074 3131 elicerent
2096 3096 2322 3130 sensum.

1911 3176 2000 3210 ια.
2034 3156 2242 3209 Celerem
2281 3168 2422 3229 atque
2458 3154 2737 3207 instabilem.
2775 3153 2837 3205 In

1822 3235 1926 3290 hoc
1945 3238 2081 3290 freto
2094 3237 2318 3289 maxime
2335 3235 2577 3290 instabile
2594 3247 2647 3286 et
2658 3233 2834 3286 turba-

722 2997 883 3050 Recte
911 2995 1125 3069 quidem
1155 3016 1169 3050 :
1204 3016 1328 3051 nam
1373 3015 1508 3069 soepe
1547 2998 1736 3070 saepius

722 3077 918 3147 adigere
938 3090 1088 3130 turres
1099 3117 1114 3140 ,
1136 3078 1329 3147 adigere
1335 3080 1521 3146 serrum
1533 3118 1548 3140 ,
1578 3078 1635 3130 in
1653 3096 1740 3131 eo-

721 3155 844 3209 dem
866 3175 1020 3210 sensu
1038 3170 1349 3223 occurrunt,
1378 3175 1488 3228 quo
1512 3158 1735 3228 adjicere

721 3236 827 3288 Alii
851 3237 1013 3288 adici:
1038 3248 1189 3289 vetus
1209 3238 1486 3308 scriptura.

808 3334 896 3369 10.
929 3315 1023 3369 Ad
1044 3317 1208 3367 horam
1235 3335 1423 3368 nonam.
1451 3311 1675 3389 (susqu'd
1704 3317 1737 3370 3

722 3395 883 3447 hexeres
908 3399 1043 3467 apres
1074 3390 1240 3457 midi).

807 3493 830 3526 1
849 3493 895 3528 1.
934 3474 1163 3527 Ostendit
1186 3477 1474 3545 monuitque,
1503 3486 1593 3526 etc.
1622 3473 1738 3531 Hoc

719 3554 859 3617 loce,
877 3554 1122 3606 turbatur
1133 3553 1356 3624 phrasis,
1366 3571 1483 3623 quse
1500 3554 1739 3624 pessimas

718 3633 992 3686 latinitatis
1016 3645 1196 3686 notam
1217 3651 1327 3703 pra
1352 3650 1407 3684 se
1429 3633 1547 3684 fert.
1580 3633 1631 3684 Is
1652 3651 1740 3685 au·

718 3724 828 3766 tem
857 3726 935 3767 est
974 3712 1109 3766 ordo
1139 3724 1192 3765 et
1229 3729 1408 3764 sensus
1436 3730 1449 3765 τ
1478 3709 1737 3780 ostendit,

718 3794 1064 3866 monuitque,
1088 3805 1149 3845 ut
1169 3810 1252 3843 res
1273 3792 1339 3843 ab
1365 3791 1429 3843 iis
1455 3789 1521 3844 ad
1546 3804 1738 3846 nutum

718 3878 773 3925 e't
790 3873 855 3925 ad
869 3886 1075 3945 tempus
1089 3870 1596 3937 administrarentur,
1617 3891 1740 3944 pro·

717 3963 781 4003 ut
802 3953 882 4005 rei
903 3952 1146 4005 militaris
1163 3951 1299 4005 ratio
1313 3990 1331 4017 ,
1344 3963 1397 4004 et
1410 3951 1637 4004 maxime
1653 3970 1737 4006 res

716 4031 995 4084 maritima
1010 4032 1362 4103 postularent,
1374 4049 1491 4102 quse
1505 4027 1619 4093 (res
1631 4048 1738 4083 ma-

715 4109 906 4162 ritimae
916 4107 938 4173 )
949 4111 1204 4164 haberent
1221 4124 1426 4164 motum
1440 4111 1737 4164 instabilem

718 4200 772 4240 et
785 4189 1008 4241 celerem
1021 4228 1039 4254 ,
1063 4189 1119 4242 id
1132 4203 1210 4243 est
1225 4229 1241 4256 ,
1265 4204 1433 4243 essent
1452 4190 1644 4242 celeres
1663 4203 1737 4243 at-

716 4285 824 4342 que
856 4267 1140 4323 instabiles.
1181 4270 1398 4325 Frustra
1422 4270 1735 4340 interpretes

1824 3328 1940 3369 tum
1959 3317 2354 3387 tempestatibus
2367 3334 2510 3367 mare
2525 3333 2542 3381 ;
2559 3310 2701 3385 quod
2726 3329 2834 3363 om-

1822 3395 1981 3448 nibus
2000 3395 2159 3447 etiam
2185 3415 2328 3449 nunc
2351 3407 2539 3448 notum
2560 3404 2652 3445 est.

1910 3494 1932 3528 1
1948 3475 2000 3528 3.
2026 3475 2214 3546 Aper-to
2235 3496 2294 3527 ac
2311 3476 2463 3546 plano
2486 3475 2658 3525 littore.
2682 3469 2838 3523 Hunc

1823 3567 2038 3627 portum
2065 3573 2175 3607 esse
2215 3554 2464 3616 Lemana,
2493 3551 2654 3605 hodie
2680 3550 2832 3619 Hyan,

1823 3632 2053 3687 ostendit
2072 3633 2361 3688 D'Anville.

1904 3715 2031 3766 CAP.
2063 3715 2267 3767 XXIV.
2302 3733 2350 3767 1.
2384 3712 2674 3766 Essedariis.
2698 3711 2839 3764 Esse·

1823 3791 1986 3857 darii,
2003 3794 2099 3864 qui
2122 3812 2187 3846 ex
2212 3791 2405 3846 essedis
2420 3788 2685 3854 (curribus
2695 3789 2837 3843 belli·

1822 3867 1928 3935 cis)
1955 3885 2207 3944 pugnant.
2241 3875 2321 3926 De
2347 3869 2538 3925 essedis
2563 3868 2675 3925 vid.
2703 3868 2836 3922 infra

1821 3969 1936 4023 cap.
1968 3953 2060 4005 33.
2094 3952 2169 4004 M.

1906 4051 1956 4084 a.
1975 4033 2055 4084 De
2079 4032 2350 4085 navibus....
2381 4030 2684 4103 influceibus.
2704 4027 2839 4080 Prn-

1820 4109 2108 4181 positiones
2154 4111 2440 4164 restituunt
2489 4106 2837 4177 Oudendorp.

1819 4201 1873 4241 et
1886 4191 2159 4256 Davisius,
2181 4209 2245 4243 ex
2270 4187 2449 4259 codd.;
2462 4201 2515 4245 at
2536 4190 2597 4243 de
2618 4186 2839 4243 vacatin

1819 4282 2004 4326 nostro
2032 4273 2098 4325 R.
2131 4273 2160 4325 5
2169 4273 2298 4341 764.
