3111 5147
733 506 886 589 424
1047 504 1123 572 C.
1179 500 1461 570 JULII
1516 498 1982 568 CAESARIS
2036 499 2583 570 COMMENT.

831 634 1022 704 XIII.
1079 637 1236 704 Non
1292 634 1667 734 intermittit
1722 633 1984 701 interim
2006 631 2025 656 ¹
2079 632 2460 727 quotidiana
2516 632 2751 729 proella
2794 638 2859 706 in

728 756 1090 837 conspectu
1125 756 1558 833 utrorumque
1585 752 1989 827 castrorum,
2013 764 2159 833 quae
2190 740 2274 808 ad
2317 739 2485 808 vada
2517 744 2862 811 transitus·

685 865 718 920 κ
728 874 855 943 que
878 848 1126 918 fiebant
1141 845 1416 943 paludis.
1442 848 1598 933 Qua
1622 848 2046 914 contentione
2070 848 2387 916 Germani
2397 837 2638 941 ,(quos
2665 873 2864 943 prop·

724 969 905 1024 terea
973 955 1198 1024 Caesar
1265 951 1647 1021 traduxerat
1714 952 2064 1038 Rhenum,
2102 967 2197 1021 ut
2185 953 2539 1071 equitibus
2567 956 2860 1049 interpo-

726 1063 830 1130 siti
877 1059 1338 1155 proeliarentur
1357 1050 1448 1146 ²,)
1488 1082 1695 1151 quum
1754 1061 2161 1128 constantius
2214 1059 2507 1128 universi
2550 1059 2861 1155 paludem

723 1169 1147 1254 transissent,
1176 1166 1531 1259 paucisque
1558 1164 2007 1234 resistentibus
2031 1149 2430 1234 interfectis³
2457 1168 2861 1259 pertinacius

723 1272 1043 1366 reliquam
1085 1220 1570 1340 niultitudinem
1619 1285 1838 1340 essent
1879 1273 2195 1340 insecuti:
2227 1273 2561 1365 perterriti
2590 1298 2728 1341 non
2758 1299 2858 1343 so·

723 1377 863 1447 lum
893 1381 973 1467 ii,
1004 1380 1115 1473 qui
1158 1393 1275 1447 aut
1316 1379 1618 1446 cominus
1661 1377 2241 1472 opprimebantur,
2276 1392 2393 1446 aut
2418 1380 2683 1447 eminus
2718 1380 2855 1449 vul-

725 1486 1157 1573 nerabantur,
1175 1483 1289 1553 sed
1315 1486 1513 1553 etiam
1529 1537 1548 1572 ,
1568 1486 1680 1577 qui
1699 1482 1958 1577 longius
1981 1482 2322 1553 subsidiari
2350 1502 2857 1574 consueverant,

724 1594 1006 1711 turpiter
1048 1591 1390 1685 fugerunt3
1427 1614 1548 1658 nec
1598 1592 1781 1683 prius
1823 1588 2022 1695 finem
2074 1588 2246 1691 fisgae
2301 1590 2641 1680 fecerunt,
2691 1617 2853 1687 saepe

724 1701 976 1767 amissis
1020 1697 1465 1791 superioribus
1499 1695 1659 1765 locis
1679 1749 1699 1783 ‚
1741 1719 1937 1789 quam
1985 1721 2054 1764 se
2089 1711 2205 1764 aut
2237 1698 2304 1764 in
2338 1711 2558 1765 castra
2588 1722 2851 1767 suorum

724 1806 1131 1899 reciperent,
1176 1818 1291 1873 aut
1325 1801 1657 1890 nonnulli,
1701 1789 1998 1896 pudore⁴
2038 1804 2282 1891 coacti,
2325 1801 2586 1898 longius
2631 1805 2855 1899 profu·

722 1925 970 2029 gerent.
994 1911 1300 1998 Quorum
1327 1907 1622 2003 periculo
1647 1909 1740 1978 sic
1764 1933 1993 1977 omnes
2022 1911 2230 2004 copiae
2255 1924 2408 1979 sunt
2433 1911 2856 2041 perturbatae,

722 2030 799 2085 ut
840 2016 952 2084 vix
1006 2014 1287 2107 judicari
1341 2029 1599 2109 posset,
1646 2028 1869 2083 utrum
1921 2015 2224 2084 secundis
2268 2003 2616 2111 parvulis⁵
2664 2019 2857 2088 rebus

724 2120 1211 2210 insolentiores,
1255 2146 1340 2190 an
1385 2121 1676 2190 adversis
1708 2121 2150 2191 mediocribus
2185 2123 2549 2192 timidiores
2586 2140 2823 2193 essent.

830 2231 1014 2299 XIV.
1048 2226 1520 2323 Compluribus
1555 2227 1787 2297 diebus
1820 2228 2093 2295 iisdem
2076 2252 2141 2295 in
2162 2230 2393 2297 castris
2422 2234 2853 2324 consumptis,

722 2361 926 2432 quum
955 2339 1226 2431 propius
1251 2331 1915 2427 accessissexlegiones
1942 2348 2009 2401 et
2035 2336 2112 2403 C.
2132 2334 2532 2403 Trebonium
2568 2334 2843 2430 legatum

722 2443 1219 2537 cognovissent3
1256 2439 1457 2510 duces
1505 2433 2004 2508 Bellovacorum
2025 2492 2045 2526 ,
2087 2442 2278 2508 veriti
2320 2439 2601 2510 similem
2637 2444 2845 2513 obses·

723 2552 974 2619 sionem
1016 2546 1282 2633 Alesiae,
1317 2559 1522 2614 noctu
1576 2543 1914 2616 dimittunt
1947 2570 2096 2633 eos,
2135 2570 2300 2640 quos
2343 2562 2459 2618 aut
2505 2564 2703 2619 aetate
2745 2564 2851 2620 aut

723 2655 973 2724 viribus
1006 2653 1347 2721 inferiores
1369 2649 1420 2737 ¹,
1460 2666 1576 2719 aut
1609 2653 1890 2722 inermes
1922 2652 2288 2742 habebant,
2312 2677 2577 2748 unaque
2608 2656 2845 2751 reliqua

721 2759 1202 2857 impedimenta.
1231 2760 1536 2847 Quorum
1572 2759 2031 2853 perturbatum
2063 2774 2131 2829 et
2161 2759 2512 2831 confusum
2547 2760 2713 2832 dum
2742 2788 2845 2833 ex-

805 2966 935 3019 Csr.
967 2964 1119 3017 xm.
1157 2982 1205 3018 1.
1233 2963 1348 3017 Non
1375 2966 1646 3015 meminit
1666 2968 1742 3014 in-

726 3049 875 3097 terim.
903 3042 1159 3109 Snbsudi,
1171 3044 1354 3096 Coesar.
1385 3042 1534 3097 Hanc
1561 3043 1742 3095 lectio-

723 3142 844 3177 nem
877 3124 1118 3176 revocavi
1155 3142 1220 3175 ex
1262 3121 1417 3175 codd.
1456 3123 1649 3175 nostris
1690 3135 1744 3175 et

1828 2961 1948 3015 cod.
1980 2965 2216 3036 reposuit
2237 2983 2440 3035 pavore,
2464 2983 2628 3036 quam
2667 2967 2849 3020 lectio·

1827 3060 1949 3096 nom
1979 3043 2207 3115 amplexi
2234 3056 2360 3097 sunt
2398 3046 2574 3098 ceteri
2600 3044 2844 3099 editores.

1910 3122 1962 3175 ⁵.
2002 3122 2231 3176 Secundis
2253 3125 2469 3194 paro-1112
2503 3125 2655 3177 reb-s.
2704 3127 2851 3179 Bene

722 3204 938 3276 optimis
955 3204 1202 3273 Bongars.
1224 3202 1401 3255 PetaV.
1418 3203 1571 3254 Voss.
1590 3200 1739 3254 Leid.

724 3302 806 3353 pr.
825 3283 996 3335 Oxou.
1013 3294 1065 3335 et
1079 3281 1191 3334 aliis
1201 3319 1218 3347 ,
1231 3280 1375 3334 haud
1391 3282 1612 3334 minoris
1626 3299 1744 3335 suc-

723 3363 966 3414 toritatis.
995 3361 1171 3432 Vulgo
1184 3398 1202 3425 ‚
1227 3380 1322 3413 non
1353 3364 1739 3413 intermittuntur.

724 3440 847 3494 Non
875 3441 1008 3493 male
1034 3458 1262 3512 qnoque.

809 3541 858 3573 2.
898 3522 968 3573 Ut
992 3519 1223 3592 equitibus
1253 3523 1517 3590 interpositi
1538 3521 1739 3590 proelia-

723 3613 899 3652 rentur.
931 3602 1011 3652 De
1040 3600 1154 3651 istis
1181 3597 1449 3670 peditibus
1485 3597 1741 3671 expeditis

721 3680 989 3751 loquitur,
1014 3678 1108 3748 qni
1133 3680 1273 3731 inter
1285 3679 1485 3750 equites
1512 3679 1737 3749 praeliari

721 3771 1113 3813 consueverant.
1137 3755 1265 3811 Vid.
1297 3776 1352 3824 1,
1375 3762 1615 3824 483V11,
1650 3760 1736 3812 18.

804 3841 853 3893 3.
887 3836 1229 3891 Resistenu‘bm
1254 3838 1527 3906 interfectis.
1557 3838 1739 3891 Nostri

721 3917 878 3971 codd.
915 3924 966 3970 in
997 3918 1267 3971 miscendo.
1299 3922 1473 3983 At,ut
1496 3916 1738 3971 observat

720 3996 1008 4061 Oudend„
1037 3999 1149 4051 hoc
1172 3997 1328 4051 lectio
1341 3997 1552 4051 videtur
1573 3999 1737 4051 inter·

720 4089 1112 4152 pretamentum
1142 4078 1286 4131 vocis
1317 4078 1652 4130 resistentibus.

799 4162 854 4219 4.
905 4156 1143 4211 Nonnulli
1176 4158 1375 4227 pudore.
1423 4159 1502 4218 Ita
1546 4157 1737 4228 optimi

714 4234 870 4292 codd.
897 4249 950 4290 et
984 4236 1171 4290 nonni.
1199 4236 1330 4290 Soel.
1363 4256 1426 4289 ex
1452 4236 1737 4290 Ursiniano

1827 3220 1891 3254 ex
1916 3198 2071 3256 codd.
2102 3201 2298 3256 Audin.
2325 3203 2499 3257 Oxon.
2518 3217 2567 3256 et
2584 3204 2735 3257 Leid.
2754 3224 2841 3279 pr.

1825 3278 2138 3352 quibuscum
2158 3285 2422 3337 consentit
2438 3296 2607 3336 noster
2630 3282 2747 3335 cod.
2768 3285 2836 3335 R.

1830 3362 2012 3431 5764:
2032 3380 2154 3415 nam
2179 3363 2353 3415 Caesar
2378 3376 2430 3416 et
2446 3360 2712 3415 Hirtiusin
2736 3362 2835 3414 ista

1824 3441 2010 3494 vocula
2038 3437 2328 3512 (parmlus)
2356 3443 2459 3495 sibi
2494 3441 2840 3513 amplam-nt.

1825 3521 2084 3572 Pae-valiam
2110 3522 2464 3584 detrimenta,
2480 3522 2685 3593 pamla
2709 3542 2841 3592 μνω-

1827 3600 1922 3661 lia,
1948 3602 2154 3672 parvula
2181 3620 2354 3663 emesa,
2389 3613 2488 3655 etc.
2523 3603 2739 3673 vulgat.
2768 3622 2842 3653 so-

1823 3680 1989 3731 cundo
2012 3685 2259 3752 nimiisque
2271 3681 2422 3733 mbas.
2448 3684 2618 3734 Antea
2640 3682 2841 3753 legeba-

1821 3770 1912 3811 tur
1928 3761 2143 3812 seenndae's
2172 3763 2464 3833 mirantisque
2490 3760 2645 3814 mbas.

1902 3839 2029 3892 Cu».
2058 3840 2207 3892 XIV.
2243 3858 2291 3893 1.
2311 3840 2421 3893 Aue
2442 3840 2631 3892 viribus
2651 3843 2841 3907 infit-io-

1824 3937 1913 3971 m.
1946 3919 2053 3971 Pro
2088 3921 2358 3987 &fir-ubres,
2393 3919 2454 3972 P.
2494 3920 2671 3973 Ciaoc.
2712 3938 2837 3992 pro·

1821 3999 1974 4069 ponit
2011 3998 2304 4069 infimiores.
2336 3998 2485 4051 Nihil
2523 3998 2837 4053 mutandum

1821 4090 1972 4149 putat
1992 4080 2167 4132 Daris.
2207 4079 2342 4131 Nam
2377 4080 2579 4145 iffae-ior
2604 4080 2664 4131 in
2692 4098 2837 4133 eom·

1822 4158 2084 4229 positione
2122 4157 2263 4211 idem
2309 4157 2447 4211 valet
2476 4176 2537 4211 ac
2578 4157 2835 4228 &fir-ior,

1823 4236 1968 4309 qnod
1999 4238 2178 4292 multis
2204 4237 2395 4309 probet
2422 4238 2693 4309 exempl-is.
