3111 5147
467 615 602 684 DE
655 613 1016 683 BELLO
1070 613 1579 684 GALLICO.'
1630 615 1820 684 LIB.
1876 617 2093 687 VIII.
2207 617 2361 707 433

228 746 517 818 millibus
534 732 559 772 ³
587 770 902 842 passuum
929 745 1354 836 dicebantur,
1378 749 1640 817 tametsi
1670 749 1941 819 flumine
1975 753 2365 847 impeditum

230 857 582 924 transitum
651 852 918 922 videbat
942 906 962 942 ,
1013 867 1236 923 tamen
1259 908 1281 942 ‚
1334 856 1628 924 exercitu
1680 856 1986 927 traducto
2012 913 2032 946 ,
2092 885 2364 956 progre-

228 960 427 1031 ditur.
464 961 555 1030 At
593 958 924 1030 Bellovaci
966 960 1359 1056 reliquaeque
1400 963 1697 1032 civitates
1715 1017 1735 1051 ‚
1778 979 2049 1059 repente
2090 991 2174 1036 ex
2209 968 2368 1064 fiiga

229 1070 460 1163 paucis
479 1120 499 1156 ‚
529 1080 727 1160 atque
767 1068 873 1136 his
907 1066 1267 1136 vulneratis
1285 1121 1305 1155 ‚
1334 1071 1616 1163 receptis
1635 1123 1654 1157 ‚
1683 1071 1795 1164 qui
1825 1070 2136 1141 silvarum
2164 1074 2363 1145 hene-

229 1174 386 1243 ficio
425 1197 652 1245 casum
696 1175 1107 1244 evitaverant
1123 1224 1145 1263 ,
1179 1175 1504 1244 omnibus·
1521 1176 1812 1246 adversis
1830 1232 1850 1266 ,
1887 1181 2153 1273 cognita
2193 1181 2366 1251 cala-

231 1268 519 1368 mitate⁴‚
552 1279 901 1350 interfecto
943 1283 1198 1351 Correo
1216 1334 1238 1369 ‚
1277 1283 1518 1351 amisso
1560 1285 1855 1377 equitatu
1897 1300 1964 1354 et
2000 1285 2367 1360 fortissimis

229 1386 559 1481 peditibus
578 1439 598 1475 ,
620 1410 827 1480 quum
855 1386 1214 1457 adventare
1249 1390 1592 1457 Romanos
1632 1390 2080 1462 existimarent
2098 1447 2118 1482 ‚
2147 1399 2367 1465 conci·

229 1492 321 1562 lio
349 1508 628 1589 repente,
644 1478 878 1562 cantu⁵
901 1492 1214 1562 tubarum
1241 1511 1644 1585 convocato,
1669 1495 2119 1586 conclamant,
2138 1489 2371 1597 legati‘

230 1599 622 1696 obsidesque
663 1599 747 1668 ad
790 1601 1121 1672 Caesarem
1154 1602 1517 1670 mittantur.

336 1708 527 1776 xxl.
573 1709 721 1776 Hoc
763 1707 1071 1776 omnibus
1114 1706 1396 1802 probato
1434 1705 1708 1777 consilio
1727 1762 1747 1796 ‚
1790 1710 2136 1780 Commius
2177 1715 2365 1784 Atre·

230 1811 352 1883 bas
402 1814 487 1883 ad
537 1838 652 1883 eos
700 1812 998 1908 profugit
1051 1816 1424 1884 Germanos
1446 1867 1466 1902 ‚
1501 1838 1541 1883 a
1586 1814 1824 1908 quibus
1867 1816 1953 1885 ad
2002 1817 2068 1886 id
2120 1818 2366 1890 bellum

231 1918 472 1990 auxilia
514 1934 852 1990 mutuatus
886 1936 1046 1991 erat.
1087 1923 1326 1991 Caeteri
1355 1947 1393 1991 e
1420 1922 1697 2015 vestigio
1726 1923 2000 1991 mittunt
2032 1924 2118 1993 ad
2149 1927 2367 1996 Caesa·

229 2051 375 2096 rem
417 2026 667 2122 legatos
689 2081 708 2117 ‚
738 2042 1102 2123 petuntque
1121 2081 1140 2116 ‚
1192 2057 1226 2092 α
1262 2042 1337 2096 ut
1371 2052 1449 2096 ea
1478 2051 1680 2123 poena
1714 2029 1798 2096 sit
1827 2041 2179 2100 contentus
2213 2032 2369 2101 hos-

231 2135 400 2203 tium
425 2188 445 2222 ‚
486 2158 686 2230 quam
731 2136 783 2204 si
827 2137 966 2204 sine
1008 2134 1432 2204 dimicatione
1472 2134 1717 2204 inferre
1758 2136 2028 2231 integris
2048 2134 2064 2159 ¹
2111 2154 2367 2230 posset,

231 2265 362 2336 pro
403 2264 520 2309 sua
561 2239 909 2326 clementia
957 2254 1154 2334 atque
1209 2240 1618 2310 humanitate
1668 2265 2011 2336 nunquam
2065 2243 2368 2337 profecto

229 2361 406 2417 esset
432 2346 747 2416 illaturus.
773 2346 1071 2417 Afflictas
1092 2371 1254 2442 opes
1268 2344 1290 2372 ²
1314 2349 1600 2441 equestri
1617 2345 1844 2442 praelio
1865 2346 2365 2420 Bellovacorum

231 2478 416 2542 oese3
457 2453 864 2524 delectorum
904 2453 1203 2550 peditum
1244 2453 1452 2523 multa
1492 2452 1695 2523 millia
1734 2457 2077 2543 interisse3
2111 2458 2222 2525 vix
2264 2482 2366 2527 re·

233 2560 480 2656 fugisse
520 2562 788 2632 nuntios
828 2561 1044 2632 caedis.
1076 2563 1326 2631 Tamen
1362 2585 1679 2656 magnum
1703 2614 1723 2648 ,
1759 2578 1834 2631 ut
1864 2563 1933 2631 in
1972 2578 2158 2633 tanta
2193 2562 2365 2634 cala·

233 2670 462 2738 mitate
480 2723 500 2758 ‚
533 2666 916 2763 Bellovacos
941 2693 1024 2738 eo
1048 2667 1276 2763 praelio
1311 2668 1737 2738 commodum
1772 2693 1914 2738 esse
1947 2686 2336 2741 consecutos
2349 2726 2370 2760 ‚

233 2775 414 2870 quod
479 2775 770 2845 Correus
798 2829 817 2863 ‚
877 2789 1112 2844 auctor
1170 2772 1362 2862 belli,
1417 2777 1787 2844 concitator
1808 2760 1832 2799 ³
1892 2775 2326 2848 multitudinis
2347 2833 2368 2867 ,

236 2969 404 3021 ticum
458 2980 553 3021 est.
600 2966 931 3021 Praetulerim
978 2966 1262 3021 lectionem
1347 2964 1441 3019 sed
1469 2964 1628 3025 codd.
1650 2984 1762 3018 non
1786 2980 2107 3038 agnoscunt,
2133 2981 2188 3022 et
2211 2970 2365 3024 facile

235 3047 389 3103 editt.
428 3049 643 3103 Vascos.
677 3047 782 3100 Str.
825 3046 1007 3119 Steph.
1049 3045 1259 3118 Gryph.

267 3148 399 3182 uara.

235 3150 268 3203 q
325 3209 380 3262 3.
414 3207 541 3261 Octo
572 3207 793 3260 mamm.
824 3206 1108 3259 Nonnulla
1136 3202 1258 3259 edd.

239 3286 450 3343 addunt
476 3306 742 3360 passuum.
789 3288 860 3340 At
900 3305 1009 3339 uon
1053 3303 1261 3340 necesse

238 3381 338 3423 est.
367 3367 483 3420 Hoc
512 3380 686 3420 tamen
715 3363 1035 3419 admisimus.

329 3454 382 3512 4.
417 3446 628 3517 Cognita
648 3446 938 3500 calamitate.
966 3445 1075 3498 Has
1106 3461 1264 3497 voces

241 3526 500 3600 expungit
528 3525 666 3580 Gab.
702 3525 934 3579 Faernus
963 3545 977 3578 :
1006 3537 1060 3579 et
1091 3526 1263 3596 reipsa

239 3624 581 3681 supemcuae
594 3605 861 3659 videntur.
884 3604 1065 3659 Nolim
1089 3616 1261 3656 tamen

240 3708 333 3743 eas
360 3705 485 3741 cum
509 3686 723 3741 Davisio
752 3686 1034 3738 transferte
1054 3696 1175 3756 post
1185 3704 1263 3736 ca·

242 3788 350 3822 sm
376 3771 679 3821 evitaverunt.
709 3765 846 3817 Nam
871 3783 933 3818 ea
964 3761 1263 3818 emendatio

240 3867 360 3903 non
376 3847 718 3917 tautologiam
729 3845 876 3898 vitat.
893 3844 1091 3898 Omnes
1102 3841 1260 3897 codd.

241 3929 448 3982 habent
479 3944 494 3979 ε
526 3922 647 3979 ideo
684 3924 938 3979 servanda
968 3936 1047 3978 est
1087 3923 1259 3977 lectio.

331 4008 382 4061 5.
403 4003 810 4060 Cantumbarm.
829 4004 943 4058 Hoc
956 4003 1264 4057 ‹lissa-trube

244 4107 274 4141 a
304 4084 713 4158 Buccina‚qu0d
743 4102 832 4147 ea,
860 4085 1033 4156 inquit
1057 4084 1264 4153 Veget„

243 4185 351 4233 ιιι,
381 4167 412 4219 5
430 4203 446 4227 ‚
473 4167 654 4219 daneta
673 4177 776 4229 est,
793 4164 1008 4217 Buce-ina
1041 4169 1092 4214 in
1122 4173 1266 4214 semet

1346 3044 1621 3099 subaudiri
1645 3058 1836 3117 potest.

1397 3124 1682 3179 Cunxxl.
1693 3143 1715 3178 1
1728 3125 1967 3195 ‚batem-is.
1977 3126 2365 3198 Integri,quum

1346 3223 1458 3258 non
1477 3204 1607 3258 victi
1626 3216 1825 3270 essem,
1849 3203 2031 3258 afflicti
2051 3206 2359 3260 calamitate.

1433 3305 1484 3339 a.
1510 3284 1746 3356 Affictas
1766 3304 1892 3356 opes.
1916 3284 2106 3343 Latina
2128 3299 2269 3339 certe
2284 3292 2364 3341 est

1347 3365 1445 3419 ista
1468 3364 1685 3418 locutio.
1709 3365 1911 3417 Tamen
1937 3365 1995 3417 in
2024 3364 2176 3419 Leid.
2201 3385 2283 3437 pr.
2309 3379 2364 3420 et

1348 3444 1521 3498 Oxon.
1553 3456 1812 3499 etnostro
1835 3442 1954 3497 cod.
1977 3446 2126 3514 5764
2142 3446 2363 3518 ,legitur

1348 3525 1563 3593 adfectas
1581 3544 1691 3596 opes
1711 3543 1730 3576 :
1749 3522 1897 3596 quod
1925 3542 2037 3577 non
2058 3525 2234 3578 minus
2258 3527 2362 3580 ele·

1347 3623 1498 3677 ὅπως
1523 3622 1649 3657 nam
1672 3603 1917 3670 Tacitus,
1937 3605 1972 3656 1.
2001 3622 2047 3657 ιι
2062 3643 2080 3669 ,
2097 3605 2221 3659 hist.
2246 3624 2363 3677 cap.

1351 3688 1425 3755 69
1455 3682 1650 3750 ‚habet
1676 3684 1868 3752 affecta
1885 3686 1994 3754 jam
2019 3688 2357 3756 imper-iim,-

1347 3777 1402 3818 et
1430 3761 1593 3816 Ovid.
1624 3765 1741 3817 Am.
1774 3781 1850 3826 11,
1890 3783 1954 3830 a,
1993 3782 2085 3817 ιι.

1347 3848 1424 3887 Ibit
1441 3848 1492 3887 ad
1507 3847 1710 3895 affectam,
1731 3860 1819 3900 qa·
1835 3861 1915 3887 noa
1933 3848 2156 3900 languebit,
2172 3850 2336 3889 amicam

1348 3918 1486 3958 Visere
1493 3944 1820 3957 .............

1350 4000 1439 4053 Nil
1466 4013 1747 4071 propterea
1774 3998 2103 4054 mutandum.

1431 4080 1482 4133 3.
1504 4080 1785 4133 Coacitaeor
1800 4080 2039 4133 multitud.
2058 4078 2365 4134 Concitator

1348 4160 1503 4223 belli,
1531 4157 1675 4212 idem
1709 4158 1804 4231 qui
1842 4171 2023 4213 auctor.
2061 4160 2168 4213 Has
2210 4178 2367 4215 voces

1345 4241 1521 4312 jungit
1540 4240 1805 4305 Iustinus,
1818 4240 1871 4298 1.
1890 4256 1956 4293 ιι.
1982 4258 2031 4294 c.
2060 4259 2111 4310 9.
2136 4240 2362 4312 Happa‘ae,

1137 4374 1144 4387 ,
1193 4341 1264 4394 ..·‘
1349 4319 2370 4391 inquinauceorotooncieaeorlnjssbdlis

1904 4429 2002 4500 28
