3111 5147
735 532 884 606 316
1018 539 1093 603 C.
1148 533 1437 603 JULII
1491 532 1971 603 CAESARIS
2026 530 2583 600 COMMENT.

727 669 991 753 tertius,
1021 681 1089 735 et
1127 668 1322 736 tertio
1353 679 1673 760 quartus3
1704 687 1828 733 nec
1852 665 2033 759 prius
2072 662 2179 731 ine
2210 677 2311 745 est
2339 687 2379 731 a
2404 676 2855 759 propugnato·

727 773 910 843 ribus
937 796 1187 842 vacuus
1209 771 1472 842 relictus
1495 770 1679 840 locus
1694 825 1712 858 ,
1736 794 1935 864 quam
1958 823 1976 857 ,
1994 772 2307 840 restincto
2334 794 2573 865 aggere
2583 768 2631 856 ⁷,
2656 783 2859 862 atque

727 880 909 949 omni
946 866 1168 973 parte⁸
1206 877 1524 949 submotis
1559 877 1894 965 hostibu8‚
1929 874 2078 946 finis
2113 891 2212 946 est
2245 875 2582 971 pugnandi
2618 875 2854 943 factus.

833 988 1087 1053 XXVI.
1145 987 1388 1053 Omnia
1423 986 1674 1078 experti
1718 982 1927 1068 Galli,
1952 983 2131 1077 quod
2174 1007 2277 1051 res
2304 981 2481 1051 nulla
2522 1006 2856 1051 successe·

729 1105 835 1159 rat
852 1144 871 1178 ,
896 1105 1161 1185 postero
1187 1090 1291 1158 die
1314 1089 1656 1159 consilium
1686 1103 2006 1186 ceperunt
2021 1143 2040 1177 ,
2063 1114 2143 1159 ex
2167 1088 2412 1184 oppido
2441 1087 2798 1183 profugere
2812 1085 2858 1176 ¹,

728 1196 1039 1266 hortante
1066 1212 1133 1265 et
1153 1197 1427 1290 jubente
1454 1198 2012 1292 Vercingetorige.
2051 1196 2130 1265 Id
2147 1250 2166 1283 ,
2195 1194 2449 1265 silentio
2492 1196 2709 1263 noctis
2744 1218 2856 1262 co-

731 1304 866 1370 nati
887 1356 905 1390 ,
932 1327 1068 1372 non
1095 1327 1335 1398 magna
1351 1303 1611 1396 jactura
1633 1328 1904 1373 suorum
1928 1327 2068 1372 sese
2089 1301 2444 1372 effecturos
2470 1301 2857 1396 sperabant3

731 1423 1082 1503 propterea
1121 1409 1300 1504 quod
1336 1435 1549 1504 neque
1585 1408 1779 1506 longe
1829 1410 1914 1478 ab
1958 1409 2205 1504 oppido
2240 1422 2455 1478 castra
2497 1410 2855 1500 Vercinge-

731 1515 958 1609 torigis
996 1516 1304 1605 aberant,
1328 1531 1397 1585 et
1428 1515 1616 1611 palus
1648 1530 2002 1611 perpetua,
2032 1540 2179 1609 quae
2212 1514 2688 1601 intercedebat,
2712 1515 2852 1581 Ro-

730 1644 964 1691 manos
988 1622 1072 1691 ad
1101 1622 1575 1718 insequendum
1610 1622 1928 1691 tardabat.
1965 1624 2242 1717 Jamque
2276 1621 2408 1690 hoc
2445 1620 2656 1690 facere
2690 1642 2849 1687 noc·

730 1739 807 1796 tu
845 1729 1291 1823 apparabant,
1326 1754 1529 1824 quum
1555 1744 1799 1798 matres
1820 1726 2078 1798 familiae
2095 1726 2119 1753 ²
2146 1741 2416 1824 repente
2430 1728 2497 1794 in
2518 1724 2849 1821 publicum

729 1849 1248 1926 procurrerunt,
1308 1835 1716 1928 flentesque,
1779 1835 2087 1930 projectae
2116 1862 2120 1866 ·
2147 1834 2231 1903 ad
2282 1834 2483 1929 pedes
2537 1857 2805 1902 suorum
2831 1886 2852 1920 ,

732 1939 1038 2008 omnibus
1074 1940 1377 2034 precibus
1421 1942 1797 2035 petierunt,
1842 1966 1925 2011 ne
1968 1965 2037 2011 se
2071 1954 2140 2009 et
2181 1964 2566 2010 communes
2618 1937 2853 2008 liberos

730 2043 1030 2115 hostibus
1066 2045 1151 2114 ad
1188 2045 1615 2178 supplicium
1624 2047 1972 2136 dederent,
2007 2070 2172 2142 quos
2208 2047 2293 2116 ad
2329 2045 2721 2142 capiendam
2758 2044 2851 2113 fii-

732 2173 883 2244 gam
929 2167 1182 2222 naturae
1229 2167 1298 2221 et
1338 2154 1577 2223 virium
1590 2138 1993 2224 ³infirmitas
2041 2154 2402 2248 impediret.
2450 2152 2590 2221 Ubi
2632 2176 2747 2221 eos
2790 2152 2852 2218 in

732 2259 1054 2326 sententia
1105 2273 1396 2352 perstare
1444 2260 1786 2349 viderunt,
1826 2259 2007 2355 quod
2060 2260 2448 2356 plerumque
2492 2260 2563 2326 in
2598 2282 2852 2327 summo

732 2361 1028 2457 periculo
1077 2366 1278 2436 timor
1331 2365 1845 2436 misericordiam
1886 2391 2025 2435 non
2067 2369 2299 2461 recipit
2325 2419 2345 2453 ‚
2396 2362 2803 2435 conclamare
2828 2414 2849 2450 ,

733 2482 802 2537 et
856 2469 1222 2562 significare
1270 2471 1353 2541 de
1409 2472 1567 2564 fuga
1624 2456 1941 2542 Romania
2001 2487 2359 2568 coeperunt.
2417 2474 2568 2560 Quo
2614 2471 2849 2538 timore

732 2577 1063 2668 perterriti
1104 2575 1317 2662 Galli,
1352 2601 1437 2644 ne
1484 2578 1569 2644 ab
1613 2580 1905 2672 equitatu
1947 2580 2404 2667 Romanorum
2445 2580 2568 2648 viae
2606 2602 2849 2673 praeoc-

734 2696 1165 2774 cuparentur,
1202 2680 1471 2752 consilio
1514 2683 1918 2753 destiterunt.
2096 2695 2113 2704 ‘

840 2788 1127 2858 XXVII.
1170 2789 1439 2857 Postero
1476 2788 1581 2857 die
1611 2793 1863 2879 Caesar,
1889 2804 2195 2886 promota
2225 2794 2430 2878 turri,
2466 2791 2851 2883 directisque

737 2893 1046 2988 operibus
1067 2893 1112 2983 ¹,
1153 2920 1297 2990 quae
1352 2895 1568 2965 facere
1610 2898 1980 2967 instituerat
2005 2951 2024 2987 ,
2060 2922 2302 2995 magno
2353 2912 2588 2968 coorto
2631 2897 2851 2984 imbri,

821 3114 1757 3186 7-Restinctoaggm.1dest‚mtincto

737 3191 861 3263 igne
882 3195 973 3263 qui
995 3212 1231 3266 aggerem
1267 3193 1753 3269 comprehenderat.

741 3270 1042 3326 ἀποσῖισθέν
1018 3295 1129 3336 vro<
1154 3281 1239 3327 τοῦ
1259 3280 1422 3346 πυρός.

824 3354 879 3405 8.
918 3352 1067 3404 Omni
1081 3366 1239 3423 parte.
1273 3353 1407 3408 cod.
1437 3367 1617 3409 noster
1645 3374 1752 3427 reg.

746 3430 1755 3505 5764,0mnisparte.Graec.moe1-proe

738 3528 840 3563 παν
816 3516 940 3564 ντῶν
963 3517 1059 3566 τῶν
1079 3514 1237 3580 ταύτῃ
1255 3513 1423 3567 ὄντων.
1445 3514 1577 3580 Qua
1602 3514 1759 3568 lectio

738 3586 1007 3644 Romano
1033 3590 1216 3662 placet.

1841 3118 1999 3170 xima.
2015 3117 2247 3188 Vulgatt.
2268 3114 2390 3184 edd.
2411 3128 2589 3168 natura
2612 3127 2664 3167 et
2684 3118 2853 3168 vie-ima

1842 3195 2107 3267 &fit-nnita&
2134 3197 2306 3249 Grac.
2338 3198 2595 3267 interpres
2634 3197 2780 3248 ἕωθεν
2784 3195 2856 3248 εἱσι

1840 3280 1930 3338 τῆς
1958 3278 2158 3346 φύσεως.

1920 3356 2049 3409 Cu».
2078 3356 2310 3408 XXVII.
2346 3373 2392 3408 1.
2418 3355 2714 3424 Dima-tque
2736 3370 2853 3420 ope-

1843 3435 1987 3488 ribus.
2019 3433 2135 3487 Hoc
2172 3435 2293 3489 loco
2324 3434 2511 3487 mirum
2538 3430 2597 3483 in
2626 3428 2853 3483 modum

1841 3514 2047 3567 variant
2066 3515 2398 3568 membrana.
2419 3512 2521 3566 Alii
2534 3511 2708 3564 multo
2733 3510 2853 3582 plu·

1843 3613 1957 3659 res,
1988 3594 2128 3647 inter
2165 3612 2298 3665 quos
2337 3605 2514 3647 noster
2553 3592 2619 3645 R.
2667 3591 2852 3662 5763,

823 3669 952 3723 Cu».
981 3670 1185 3723 xxvl.
1230 3690 1279 3724 1.
1317 3672 1599 3743 Pmsugem.
1632 3673 1757 3728 Hel·
1836 3694 1929 3744 pe
1901 3675 2077 3741 fectu
2104 3675 2174 3728 At
2201 3671 2343 3726 istud
2368 3674 2621 3744 glossema
2645 3670 2853 3724 videtur

741 3748 1023 3815 lenimus,
1051 3752 1254 3821 φεύγειν.

826 3848 877 3882 2.
910 3829 1331 3898 matresfamiliae.
1364 3832 1446 3886 Ita
1474 3845 1611 3905 optt.
1638 3831 1756 3885 cod.

742 3905 881 3961 And.
911 3909 1160 3981 Bongars.
1193 3911 1346 3966 νοω.
1376 3925 1433 3965 et
1457 3914 1643 3966 nostri.
1679 3912 1759 3966 Ita

744 4004 956 4059 quoque
984 4002 1162 4044 noster
1185 3988 1255 4044 de
1278 3992 1409 4046 neu.
1434 3992 1590 4047 civil.
1610 4010 1689 4059 11,
1711 4010 1758 4046 c.

748 4071 800 4127 4·
831 4067 1009 4139 Vulgo
1040 4082 1211 4123 matr-es
1228 4072 1467 4139 familias.

829 4145 882 4198 3.
897 4148 1103 4202 Naturae
1124 4163 1174 4202 et
1192 4155 1370 4204 vit-ima
1390 4151 1765 4222 infimutas.1ta

749 4221 902 4278 codd.
932 4241 1066 4299 opit.
1098 4241 1153 4285 et
1178 4243 1482 4303 nostrorum
1511 4250 1634 4303 para
1660 4249 1765 4286 mn-

1842 3753 1993 3806 verbi
2018 3753 2238 3814 directis,
2272 3771 2364 3806 seu
2393 3753 2622 3815 demtis,
2649 3762 2711 3804 nt
2738 3747 2849 3803 cod.

1848 3833 2000 3903 5764
2028 3833 2217 3898 habet,
2246 3851 2339 3885 seu
2369 3835 2561 3892 erectis,
2594 3829 2741 3902 qnod
2770 3846 2853 3882 ex-

1846 3925 1950 3966 utut
1976 3930 2060 3984 ap.
2093 3911 2247 3966 codd.
2281 3911 2485 3966 Dukeri
2509 3911 2731 3963 etvose.
2744 3909 2850 3961 Sec.

1846 3992 2057 4044 Dis-occis
2093 3993 2357 4045 Hotmano
2399 3992 2623 4063 placet:
2667 3988 2856 4042 dicitnr

1848 4073 1989 4124 enim
2013 4072 2274 4144 eleganter
2304 4072 2512 4141 ἀήθει-ο
2536 4069 2760 4131 castella,
2790 4067 2859 4120 dt·-

1850 4155 2005 4223 rigere
2024 4156 2185 4205 aciem.
2212 4153 2420 4205 Directis
2447 4145 2690 4222 operibus,
2721 4146 2857 4202 idem

1851 4243 1930 4289 est
1956 4251 2014 4290 ac
2027 4232 2456 4305 ‚oppedumwsus
2474 4233 2706 4304 promotis
2729 4231 2858 4282 ocia·-
