3111 5147
764 549 865 635 46
1026 552 1103 617 c.
1157 550 1459 617 JUL11
1515 547 2003 616 CAESARIS
2057 506 2635 615 COMMENT.

764 681 1191 774 transportati
1247 693 1497 765 essent,
1531 677 1697 749 fines
1752 700 1983 745 eorum
2039 673 2513 770 popularentur
2543 703 2565 765 ;
2605 701 2745 747 sese
2804 704 2888 747 ne

766 785 1100 857 obsidibus
1130 784 1394 879 quidem
1423 783 1592 853 datis
1624 807 1855 878 pacem
1883 783 2192 852 Ariovisti
2225 782 2544 851 redimere
2571 787 2887 878 pomisse:

766 894 1019 963 Treviri
1052 906 1304 980 autem,
1322 915 1526 986 pagos
1555 904 1823 961 centum
1860 891 2230 958 Suevorum
2250 887 2268 911 ¹
2302 889 2386 958 ad
2423 891 2596 984 ripas
2619 889 2640 914 ²
2671 891 2889 959 Rheni

768 998 1174 1086 consedisse,
1202 1000 1314 1092 qui
1358 997 1670 1069 Rhenum
1713 997 1990 1065 transire
2032 1010 2466 1083 conarentur3
2499 997 2577 1064 iis
2613 1021 2890 1090 praeesse

768 1109 1063 1177 Nasuam
1097 1118 1164 1173 et
1198 1104 1608 1175 Cimberium
1645 1102 1897 1171 fratres.
1925 1101 2189 1190 Quibus
2223 1102 2419 1171 rebus
2443 1105 2668 1172 Caesar
2701 1104 2892 1173 vehe-

770 1227 1028 1281 menter
1074 1226 1445 1283 commotus
1474 1263 1494 1295 ‚
1529 1208 1993 1279 maturandum
2041 1208 2163 1277 sibi
2212 1210 2635 1296 existimavit,
2664 1234 2750 1277 ne
2775 1264 2796 1297 ‚
2839 1212 2892 1280 si

772 1342 947 1389 nova
980 1341 1215 1387 manus
1239 1319 1610 1389 Suevorum
1634 1340 1788 1385 cum
1822 1314 2152 1384 veteribus
2178 1316 2383 1409 copiis
2408 1317 2718 1385 Ariovisti
2754 1341 2893 1386 sese

681 1467 688 1474 -
772 1424 1481 1517 conjunxisset‚minus
1516 1420 1706 1491 facile
1733 1422 1942 1491 resisti
1977 1435 2214 1515 posset.
2247 1424 2476 1515 Itaque
2509 1447 2582 1490 re
2609 1422 2894 1491 frumen·

772 1532 973 1617 teria,
1008 1554 1207 1623 quam
1243 1529 1583 1599 celerrime
1625 1530 1873 1623 potuit,
1897 1520 2318 1623 comparata,
2351 1530 2608 1623 magnis
2647 1531 2890 1598 itineri·

772 1636 897 1705 bus
932 1636 1017 1707 ad
1049 1637 1453 1707 Ariovistum
1494 1634 1851 1703 contendit.

878 1744 1268 1813 XXXVIII.
1312 1743 1541 1828 Quum
1589 1740 1789 1810 tridui
1824 1741 1998 1808 viam
2042 1742 2494 1859 processisset,
2521 1744 2894 1811 nuntiatum

772 1864 876 1919 est
909 1851 1004 1935 ei,
1038 1847 1442 1919 Ariovistum
1478 1871 1631 1915 cum
1683 1847 1815 1915 suis
1858 1846 2162 1915 omnibus
2198 1847 2416 1966 copiis.
2437 1846 2524 1915 ad
2565 1872 2894 1942 occupan-

775 1954 936 2023 dum
971 1954 1479 2040 Vesontionem,
1515 1951 1691 2046 quod
1735 1965 1835 2021 est
1881 1952 2202 2046 oppidum
2243 1955 2604 2022 maximum
2652 1957 2896 2049 Sequa·

777 2082 1051 2145 norum,
1076 2058 1508 2146 contendere,
1542 2057 1872 2151 triduique
1922 2061 2097 2127 viam
2141 2083 2180 2126 a
2227 2062 2359 2128 suis
2395 2059 2635 2129 finibus
2678 2062 2897 2154 profe·

778 2165 943 2234 cisse
968 2163 1007 2231 ¹.
1046 2165 1126 2233 Id
1183 2188 1266 2233 ne
1313 2164 1672 2253 accideret,
1695 2188 1937 2258 magno
1980 2190 2180 2259 opere
2227 2167 2729 2259 praecavendum
2777 2168 2900 2237 sibi

778 2273 1002 2340 Caesar
1043 2271 1454 2341 existimabat
1483 2297 1498 2339 :
1536 2295 1821 2365 namque
1862 2274 2158 2341 omnium
2193 2296 2447 2360 rerum,
2472 2298 2618 2366 quae
2652 2274 2736 2341 ad
2772 2273 2902 2343 bel·

777 2375 916 2447 lum
950 2379 1096 2447 usui
1133 2392 1353 2465 erant,
1379 2401 1636 2449 summa
1670 2392 1814 2447 erat
1845 2379 1914 2447 in
1943 2403 2025 2447 eo
2047 2378 2293 2473 oppido
2318 2377 2638 2448 facultas²
2656 2378 2902 2473 3idquc

776 2499 1016 2553 natura
1049 2482 1177 2554 loci
1211 2486 1305 2552 sic
1341 2484 1779 2572 muniebatur,
1803 2499 1879 2553 ut
1912 2509 2220 2581 magnam
2244 2485 2328 2553 ad
2364 2485 2735 2554 ducendum
2771 2485 2904 2555 bel-

778 2587 915 2658 lum
952 2590 1138 2658 daret
1172 2589 1547 2659 facultatem
1566 2606 1967 2698 ,propterea
2001 2592 2179 2685 quod
2213 2592 2460 2661 sturnen
2495 2578 2767 2661 Dubis³
2772 2646 2791 2681 ‚
2826 2609 2906 2663 ut

780 2697 1027 2766 circino
1060 2696 1585 2767 circumductum
1604 2722 1846 2792 ,paene
1879 2713 2094 2767 totum
2129 2698 2448 2794 oppidum
2492 2700 2726 2793 cingit3
2765 2699 2903 2769 reli·

860 2950 992 3003 Cu.
1025 2948 1309 3001 XXXVII.
1344 2967 1392 3006 1.
1422 2950 1589 3019 Pagos
1616 2961 1799 3002 centum

782 3030 1053 3084 Succorum.
1077 3027 1141 3081 Id
1167 3042 1273 3094 est,
1295 3029 1513 3096 milites,
1538 3049 1601 3081 ex
1627 3031 1801 3101 singu-

779 3110 847 3164 lis
867 3121 1079 3164 centum
1096 3111 1242 3181 pagis
1262 3107 1506 3162 delectos.
1522 3108 1650 3162 vid.
1676 3129 1800 3162 nos-

782 3202 925 3244 trum
954 3192 1016 3242 B.
1048 3189 1116 3243 G.
1149 3190 1186 3242 L
1216 3208 1293 3255 nr,
1322 3209 1372 3243 1.
1402 3190 1800 3242 Translatitium

781 3281 956 3322 autem
987 3282 1089 3333 est,
1119 3269 1335 3321 Latinos
1373 3288 1568 3340 pagum
1605 3270 1679 3321 ita
1716 3268 1799 3321 di-

781 3349 946 3414 xisse,
976 3359 1037 3399 ut
1072 3348 1424 3417 exprimerent
1463 3349 1567 3400 hoc
1603 3350 1798 3413 verb0,

783 3426 927 3499 quod
958 3427 1258 3480 Alemannis
1289 3424 1485 3480 dicitur
1518 3422 1798 3488 Gau(n0s-

782 3508 877 3560 tris
904 3509 1203 3571 vero,'cite'‚
1236 3504 1464 3572 canton),
1489 3509 1635 3578 cujus
1655 3508 1799 3560 vocis

782 3587 998 3657 vestigia
1027 3586 1084 3637 in
1119 3586 1359 3656 pluribus
1389 3586 1665 3656 regionum
1699 3605 1797 3639 no-

783 3667 1015 3719 minibus
1069 3677 1365 3736 supersunt.
1410 3666 1479 3716 V.
1520 3664 1799 3719 Walcheri

784 3746 995 3816 glossar.
1015 3764 1245 3815 german.
1271 3745 1329 3795 in
1357 3742 1629 3797 Gamvid.
1654 3763 1796 3816 supr.

784 3825 852 3880 de
877 3825 1025 3897 pagis
1053 3823 1431 3877 Helvetiorum.
1465 3824 1567 3876 Οι.

867 3925 919 3958 2.
952 3907 1117 3976 Raejvas.
1145 3905 1227 3957 Al.
1250 3909 1419 3975 rivam,
1442 3902 1617 3957 codd.
1647 3905 1802 3976 graeci

786 3988 970 4054 ὄχθαις,
986 3999 1041 4038 et
1062 4005 1126 4038 ex
1148 3986 1211 4038 iis
1234 3998 1466 4037 nostram
1489 3985 1804 4056 recepitleo-

786 4066 985 4116 tionem
1009 4063 1218 4118 doctiss.
1253 4065 1434 4118 Clark.

864 4145 994 4198 Cu.
1013 4146 1322 4197 XXXVIII.
1352 4163 1375 4197 1
1387 4186 1400 4199 .
1418 4146 1700 4221 Prosecisse.
1721 4144 1802 4196 Ita

786 4224 1014 4293 optimus
1028 4224 1145 4277 cod.
1162 4244 1268 4294 reg.
1292 4225 1460 4294 5763.
1474 4223 1610 4278 cod.
1631 4225 1803 4293 5764,

779 4306 1082 4371 processisse,
1108 4322 1138 4355 e
1160 4303 1339 4371 glossa.

1969 2971 2021 3004 2.
2063 2952 2312 3004 Facultas.
2344 2951 2544 3022 Copia,
2577 2965 2636 3005 ut
2673 2954 2765 3005 lib.
2801 2970 2904 3020 ιιι,

1889 3049 1940 3099 9.
1984 3029 2094 3083 Cic.
2138 3049 2238 3101 pro
2280 3031 2532 3095 Quinctio
2575 3039 2627 3095 4.
2670 3034 2907 3086 Faculeas

1886 3129 2192 3162 nummorum.
2209 3110 2350 3162 Male
2363 3108 2518 3163 codd.
2535 3124 2589 3163 et
2601 3110 2723 3164 edd.
2743 3113 2905 3183 prisc.

1885 3191 2064 3260 paucis
2102 3191 2358 3261 exceptis,
2399 3191 2580 3262 legunt
2621 3191 2905 3261 difficultas.

1886 3269 2144 3322 Gruterus
2182 3288 2363 3322 vocem
2389 3272 2605 3338 facultas
2635 3270 2910 3324 abundare

1884 3350 2118 3420 putabat.
2135 3349 2235 3400 ΟΒ.
2258 3349 2438 3402 Nostri
2452 3350 2606 3403 codd.
2622 3350 2907 3421 difficultas.

1969 3428 2020 3481 3.
2064 3429 2238 3480 Dubis.
2288 3428 2471 3482 Codex
2520 3431 2691 3483 nullus
2731 3430 2913 3485 'habet

1885 3507 2062 3568 Dubm
2077 3526 2258 3560 omnes
2270 3509 2388 3580 plu‘s
2404 3510 2643 3563 minusve
2658 3525 2913 3583 corrupte

1882 3588 2095 3657 legunt,
2115 3587 2372 3652 addicebas,
2394 3590 2705 3652 astmdubis,
2738 3593 2915 3643 aldua-

1885 3667 2071 3729 daem'us,
2106 3667 2405 3721 adduadubzzs
2419 3708 2433 3731 ,
2475 3671 2799 3724 alduasdnbit.
2844 3673 2913 3724 In

1885 3745 1985 3798 hac
2017 3758 2160 3799 tanta
2194 3748 2482 3820 farragine,
2511 3751 2769 3804 cellarium
2807 3770 2914 3822 pro

1887 3838 2030 3878 certo
2047 3827 2228 3897 posuit
2248 3829 2421 3881 Dubis.
2433 3829 2610 3894 Quam
2627 3830 2914 3883 lectionem

1885 3919 2198 3978 receperunt
2227 3909 2559 3980 posteriores.
2601 3908 2761 3961 Unde
2803 3910 2914 3964 flu·

1887 3988 2023 4039 xerit
2063 3988 2160 4041 ista
2192 3990 2464 4060 corruptio
2509 3990 2768 4043 incertum
2795 4004 2879 4044 est
2897 4030 2916 4058 ,

1887 4083 2013 4134 nec,
2045 4068 2146 4120 ιιίεὶ
2178 4071 2508 4140 conjectura,
2538 4081 2711 4141 potest
2737 4070 2919 4124 nodus

1887 4146 1986 4198 iste
2024 4147 2172 4201 sol'vi.
2205 4148 2400 4201 Forsan
2431 4150 2477 4201 is
2515 4150 2706 4202 fluvius
2737 4149 2919 4204 dictus

1889 4226 2059 4280 fuerat
2072 4227 2257 4280 Addua
2266 4230 2349 4281 vel
2368 4229 2550 4290 Aldua,
2569 4233 2715 4302 cujus
2733 4249 2922 4284 recen-

1889 4305 1994 4358 tius
2031 4325 2223 4360 nomen
2261 4309 2485 4379 margini
2524 4311 2828 4382 appositum
2859 4313 2920 4364 in
