3111 5147
542 514 683 583 DE
736 513 1080 582 BELLO
1133 511 1624 582 GALLICO.
1682 513 1867 581 LIB.
1921 516 1974 581 I.
2214 514 2310 587 61·

187 646 581 742 delegerant.
629 648 807 714 Cum
862 644 962 712 his
1020 645 1087 711 in
1142 641 1377 761 praeliis
1432 643 1899 731 versabantur,
1938 644 2022 713 ad
2068 644 2193 715 hos
2248 673 2317 716 se

188 756 437 848 equites
482 751 939 886 recipiebant.
979 749 1091 836 hi,
1128 751 1183 817 si
1236 748 1393 843 quid
1447 764 1590 819 erat
1649 749 1917 838 duriuS,
1965 775 2315 822 concurre-

191 860 396 928 bant·
444 861 498 927 si
540 843 721 952 qui⁴,
754 857 1055 1001 graviore
1090 854 1362 924 vulnere
1396 870 1709 950 acceptu,
1736 881 1906 950 equo
1948 856 2318 947 deciderat,

196 946 823 1035 circumsistebant⁵
851 963 960 1031 :si
1001 986 1133 1055 quo
1171 975 1315 1030 erat
1354 960 1613 1056 longius
1673 961 2170 1056 prodeundum,
2206 980 2320 1033 aut

197 1070 466 1140 celerius
488 1014 970 1164 recipiendum,
987 1081 1171 1136 tanta
1204 1083 1348 1136 erat
1386 1068 1628 1137 horum
1663 1070 2123 1138 exercitatione
2152 1070 2317 1139 cele·

203 1180 346 1246 ritas
362 1231 381 1264 ,
398 1191 520 1261 ut,
547 1175 727 1269 jubis
769 1180 1089 1268 equorum
1132 1172 1490 1261 sublevati,
1526 1199 1793 1243 cursum
1829 1175 2265 1270 adaequarent.

298 1285 549 1351 XLIX.
594 1281 733 1350 Ubi
767 1304 919 1349 eum
964 1280 1193 1349 castris
1229 1305 1298 1350 se
1340 1295 1563 1349 tenere
1596 1283 1819 1349 Caesar
1853 1280 2165 1351 intellexit
2184 1337 2202 1371 ,
2237 1308 2322 1351 ne

208 1389 437 1458 diutius
464 1400 842 1458 commeatu
878 1385 1368 1481 prohiberetur,
1396 1385 1572 1454 ultra
1606 1410 1759 1454 eum
1799 1385 2018 1455 locum
2040 1442 2059 1476 ,
2085 1413 2218 1483 quo
2254 1391 2321 1456 in

209 1493 344 1563 loco
402 1495 725 1563 Germani
783 1491 1248 1580 consederant,
1274 1494 1534 1561 circiter
1575 1515 1805 1586 passus
1847 1509 2187 1563 sexcentos
2238 1495 2322 1563 ab

213 1603 296 1668 eis
311 1654 331 1688 ,
354 1602 587 1669 castris
646 1598 956 1667 idoneum
1015 1596 1235 1667 locum
1287 1596 1567 1691 delegit3
1602 1598 1869 1690 acieque
1929 1597 2165 1693 triplici
2224 1602 2320 1667 in-

215 1720 453 1775 structa
471 1760 492 1794 ,
514 1705 601 1774 ad
624 1730 778 1773 eum
801 1702 1020 1773 locum
1063 1706 1259 1773 venit.
1285 1705 1574 1771 Primam
1604 1717 1672 1771 et
1693 1702 2046 1773 secundam
2076 1707 2283 1772 aciem
2304 1703 2322 1728 ¹

215 1813 282 1878 in
318 1814 509 1879 armis
541 1835 716 1899 esse,
752 1811 1013 1878 tertiam
1051 1823 1267 1878 castra
1300 1810 1557 1877 munire
1604 1808 1815 1901 jussit.
1853 1811 1977 1878 Hic
2016 1809 2199 1879 locus
2240 1811 2324 1879 ab

214 1916 407 1985 hoste
461 1918 711 1985 circiter
768 1939 1000 2010 passus
1050 1930 1432 2001 sexcentos„
1459 1917 1555 1984 uti
1614 1914 1864 1984 dictum
1913 1930 2049 2004 est,
2079 1917 2323 1985 aberat.

214 2024 321 2090 Eo
363 2024 609 2090 circiter
647 2022 991 2091 hominum
1026 2045 1304 2091 numero
1323 2018 1545 2089 'XVI
1574 2019 1776 2089 millia
1807 2008 2149 2115 expedita³
2174 2046 2326 2092 cum

220 2130 402 2196 omni
438 2130 723 2222 equitatu
768 2129 1131 2196 Ariovistus
1170 2128 1383 2214 misit,
1418 2150 1565 2220 quae
1617 2129 1822 2221 copiae
1875 2142 2136 2198 nostros
2179 2154 2327 2224 per·

221 2248 530 2302 terrerent
570 2248 636 2303 et
674 2234 1038 2302 munitione
1077 2232 1520 2327 prohiberent.
1565 2231 1791 2301 Nihilo
1833 2235 2042 2302 secius
2086 2237 2331 2323 Caesar,

219 2354 293 2408 ut
330 2354 477 2410 ante
518 2341 950 2408 constituerat
968 2392 988 2426 ,
1023 2338 1186 2408 duas
1229 2341 1400 2408 acies
1440 2337 1699 2407 hostem
1740 2337 2165 2433 propulsare;
2199 2355 2329 2409 ter-

220 2448 405 2535 tiam,
452 2471 623 2541 opus
666 2444 981 2541 perficere
1020 2445 1232 2538 jussit.
1278 2445 1552 2512 Munitis
1604 2447 1871 2532 castriS,
1903 2445 2068 2515 duas
2109 2447 2200 2515 ibi
2242 2445 2330 2514 le-

221 2556 435 2648 giones
478 2551 743 2648 reliquit
756 2605 776 2639 ,
816 2566 883 2621 et
921 2565 1175 2646 partem
1218 2549 1609 2621 auxiliorum
1628 2537 1689 2619 ⁴:
1728 2566 2012 2646 quatuor
2053 2552 2333 2648 reliquas

221 2662 280 2727 in
312 2676 533 2730 castra
574 2659 826 2751 majora
866 2658 1141 2727 reduxit.

220 2854 248 2886 e
260 2835 393 2889 Xen.
418 2836 559 2889 Hist.
580 2834 679 2889 Gr.
694 2853 797 2900 vn,
817 2835 868 2901 5,
888 2834 980 2900 23,
999 2848 1235 2907 apparet.
1322 2833 1566 2888 ordinem
1578 2835 1632 2889 b.
1651 2836 1688 2889 1.
1703 2835 1884 2889 laudat
1903 2838 2052 2909 Turp.
2073 2838 2131 2888 de
2149 2836 2338 2900 Crisse'‚·

220 2915 417 2970 Onu..
436 2913 599 2968 Hand
611 2915 836 2967 absimili
847 2914 1064 2967 omnino
1079 2915 1238 2968 ratio-
1320 2933 1419 2967 nec
1462 2915 1637 2967 minus
1679 2916 1943 2987 vituperat
1982 2917 2302 2970 Ariovistum
2320 2953 2338 2980 ‚

218 3012 282 3046 ne
304 2994 447 3067 apud
464 2994 750 3047 nonnullos
769 2995 994 3065 Europa
1013 2995 1236 3066 populos
1322 2994 1416 3066 qni
1459 3007 1661 3065 partem
1713 3007 1917 3048 tantum
1962 2997 2040 3048 sui
2085 2997 2341 3049 exercitus

218 3074 513 3127 Son-mannu-
524 3073 756 3144 legiones
769 3073 1007 3145 quodam
1018 3111 1035 3138 ,
1046 3073 1237 3145 equiti-
1323 3071 1570 3126 adversus
1587 3072 1813 3127 secunda
1833 3087 1999 3127 castra
2015 3075 2240 3140 miserit,
2253 3093 2343 3126 ne-

220 3154 312 3206 bus
322 3152 657 3245 etpeditibus
668 3172 888 3205 numero
895 3152 1109 3225 paribus
1117 3171 1240 3205 con-
1323 3171 1426 3224 que
1441 3171 1563 3204 cum
1577 3153 1791 3224 integris
1805 3153 2005 3206 viribus
2020 3154 2343 3222 incubuerit,

223 3230 378 3300 flata,
391 3246 449 3287 et
477 3233 620 3286 sibi
604 3233 831 3286 invicem
854 3232 1237 3285 auxiliantibus.
1324 3244 1385 3284 ut
1412 3232 1478 3285 ab
1507 3231 1606 3284 isto
1635 3233 1765 3284 colle
1785 3233 2041 3286 Caesarem
2069 3233 2343 3304 propulsa-

299 3313 431 3376 451·
445 3318 546 3386 qui.
573 3312 678 3364 Pro
698 3317 743 3363 .ςί
762 3316 882 3385 quis.
906 3312 977 3364 Et
998 3312 1133 3364 infra
1155 3312 1239 3363 de·
1323 3322 1431 3376 ret,
1455 3323 1733 3388 antequam
1760 3313 2077 3365 munitiones
2106 3313 2345 3385 incoeptae

228 3390 433 3457 afferat,
469 3410 583 3444 non
620 3390 922 3456 deciderant,
954 3403 1015 3443 nt
1044 3391 1244 3444 habent
1324 3390 1679 3444 firmarentur.

225 3472 490 3524 ncnnnssae
507 3469 630 3524 edd.
642 3468 778 3524 cod.
794 3473 857 3524 R.
876 3471 1046 3541 5764,
1052 3470 1241 3543 siquid.
1413 3490 1463 3524 α.
1491 3471 1719 3524 Numero.
1739 3470 1823 3525 Al.
1846 3491 2113 3538 numerum,
2133 3472 2214 3524 Al.
2236 3491 2345 3524 non

301 3552 355 3604 5.
389 3550 826 3605 ammiscebant.
852 3550 928 3602 Ut
952 3568 1041 3602 eos
1072 3550 1182 3602 ab'
1167 3568 1245 3601 ιιι-
1329 3550 1675 3622 intelligentes
1695 3551 2002 3605 omiserunt.
2035 3552 2091 3604 Si
2113 3552 2241 3604 velis
2264 3571 2350 3602 nu·

224 3646 377 3683 curm
418 3630 657 3683 hostium
689 3641 827 3682 tutos
867 3641 921 3681 et
958 3628 1246 3682 incolumes
1331 3647 1536 3695 merum,
1580 3631 1764 3702 supple
1806 3631 1977 3702 quoad.
2025 3628 2128 3683 Sed
2171 3643 2349 3683 nostra

223 3721 549 3777 putarent.
583 3710 715 3760 Du.
1328 3708 1486 3762 lectio
1516 3722 1861 3763 consentanea
1890 3712 2053 3782 magis
2083 3721 2135 3762 et
2158 3709 2350 3762 rationi

306 3789 440 3843 Cu.
460 3788 660 3842 XLIX.
692 3806 740 3840 ι.
760 3789 972 3840 Primam
1002 3800 1053 3839 et
1080 3807 1246 3840 secun-
1332 3789 1711 3859 grammatica,
1733 3802 1786 3841 et
1817 3791 2042 3843 auctoris
2071 3790 2238 3841 nostri
2267 3790 2350 3840 in-

226 3865 333 3919 dat
369 3873 539 3921 οσίεηι.
556 3869 745 3938 Veget.
776 3885 834 3932 ι,
870 3868 971 3920 25:
1003 3868 1062 3922 Sa·
1101 3870 1247 3919 hostis
1334 3868 1506 3939 genio.
1541 3865 1713 3922 codd.
1744 3869 1911 3921 nostri
1933 3888 2140 3921 numer-0.

227 3948 495 4012 sumas,
513 3960 611 3998 mm
633 3967 788 3999 omnes
810 3952 1007 4018 equites,
1027 3959 1074 3998 ee
1094 3947 1250 3998 media
1418 3947 1469 4000 3.
1490 3947 1752 4018 Εερειίιᾞια
1769 3949 1949 4001 Vacua
1967 3946 2354 4020 impedimentis

218 4043 333 4094 pan
368 4027 588 4098 peditum
617 4026 689 4078 ad
706 4027 992 4097 pulsandum
1032 4031 1249 4097 Impetum
1335 4038 1389 4079 et
1431 4026 1621 4078 leviter
1666 4039 1878 4081 armata.
1925 4027 2067 4080 Gon.
2115 4027 2352 4094 Nostris,

227 4105 517 4157 ordinantur
545 4111 595 4158 in
615 4110 751 4168 aeie5
769 4107 937 4178 reliqui
958 4116 1072 4176 post
1096 4109 1246 4176 ipsos,
1339 4117 1524 4178 mupes
1564 4107 1753 4175 legeres.

223 4183 381 4236 ώσω
402 4187 579 4253 fossis,
610 4189 824 4237 munium
850 4197 1025 4239 castra.
1045 4184 1254 4238 Per-itis·
1420 4191 1473 4249 4.
1494 4187 1689 4238 Partem
1712 4188 2010 4240 auxiliorum.
2031 4188 2139 4260 Ipsi
2157 4187 2356 4259 pedites

224 4264 423 4318 simum
451 4285 482 4319 s
507 4265 712 4320 Caesare
739 4265 1037 4320 institutum
1064 4282 1254 4336 pugnae
1339 4264 1541 4319 induas
1566 4265 1721 4320 divisi
1740 4279 1890 4319 erant
1912 4267 2114 4338 partes,
2130 4268 2235 4322 boc
2254 4281 2356 4332 est,
