3111 5147
726 572 877 660 484
1460 575 1595 642 DE
1649 572 2031 641 GALLIA

717 706 911 776 dibus
925 705 1220 801 ,glacie,
1241 717 1312 777 et
1335 708 1550 776 ventis
1576 704 1916 775 horridam
1945 702 2104 773 olim
2152 700 2351 771 fitisse
2374 698 2694 789 Galliam3
2732 725 2850 796 po-

719 810 950 908 pulum
986 828 1209 883 autem
1263 812 1512 902 ferum,
1545 812 1779 882 rudem
1809 826 1878 880 et
1904 805 2282 880 silvicolam.
2324 810 2654 878 Minime.
2698 833 2859 877 nam

717 934 951 989 contra
986 934 1261 1016 apparet
1281 918 1754 1015 agriculturam
1779 931 1849 987 et
1882 931 2055 986 artes
2077 915 2164 984 ad
2189 939 2505 1010 magnum
2518 914 2861 1008 dignitatis

716 1039 784 1095 et
824 1024 1171 1095 utilitatis
1147 1050 1286 1121 jam
1305 1025 1458 1095 inde
1476 1024 1808 1120 fastigium
1823 1023 2227 1119 pervenisse,
2245 1036 2323 1090 ut
2333 1020 2630 1090 dicemus
2648 1020 2856 1106 infra,

715 1156 879 1201 voce
916 1133 1136 1218 Galli,
1163 1132 1277 1200 ubi
1314 1129 1538 1227 plura,
1573 1155 1719 1225 quae
1753 1130 2133 1200 summatim
2171 1142 2432 1198 tantum
2466 1128 2602 1197 hoc
2634 1128 2853 1222 capite

712 1239 1052 1332 attigimus
1071 1289 1090 1324 ,
1135 1238 1344 1307 fusius
1379 1237 1826 1307 metabimus.

966 1447 1141 1538 DE
1204 1446 1666 1537 CELTIS
1737 1446 1984 1534 SEU
2071 1442 2580 1535 GALLIS.

812 1664 918 1731 De
969 1659 1176 1730 Gallis
1222 1660 1464 1756 passim
1508 1661 1767 1746 Caesar,
1813 1671 1882 1727 et
1922 1682 2153 1728 omnes
2203 1614 2341 1727 fere
2390 1671 2536 1725 tum
2597 1661 2799 1752 graeci
2823 1713 2843 1748 ,

709 1780 848 1835 tum
903 1765 1086 1835 latini
1142 1769 1495 1863 scriptores
1537 1764 1744 1834 locuti
1781 1778 1970 1850 sunt3
2032 1778 2269 1859 utpote
2307 1764 2419 1858 qui
2456 1766 2635 1832 inter
2669 1764 2843 1835 cele-

704 1870 1027 1942 berrimos
1095 1874 1496 1967 antiquitatis
1544 1868 1828 1966 populos
1882 1869 2359 1940 adnumerandi
2403 1894 2480 1939 ac
2526 1868 2845 1941 laudandi

703 1993 1144 2047 censerentur.
1213 1978 1412 2074 Apud
1473 1978 1872 2048 recentiores
1925 1979 2274 2046 innumera
2340 2000 2548 2072 prope
2592 1976 2682 2045 de
2736 1978 2842 2048 his

698 2082 1035 2153 volumina
1063 2084 1460 2180 jamdudum
1499 2084 1712 2153 tribus
1749 2082 1991 2152 abhinc
2033 2081 2286 2153 saeculis
2320 2083 2656 2178 prodiere,
2690 2109 2841 2178 quae

700 2215 1089 2260 enumerare
1131 2194 1343 2261 nostri
1389 2216 1525 2261 non
1576 2205 1679 2260 est
1725 2190 2007 2260 instituti
2049 2216 2066 2256 τ
2110 2213 2323 2285 pauca
2380 2203 2645 2259 tantum
2702 2190 2839 2261 hoc

697 2293 848 2367 loco
891 2298 1237 2368 citabimus
1253 2353 1274 2387 ,
1314 2297 1399 2367 ad
1436 2323 1584 2391 quoe
1625 2296 1833 2366 lector
1852 2350 1872 2383 ,
1914 2298 1969 2365 si
2012 2295 2271 2391 placeat
2316 2297 2441 2390 ipsi
2476 2309 2547 2365 et
2586 2313 2788 2366 vacet
2815 2352 2834 2384 ,

699 2400 1060 2498 confugere
1096 2406 1341 2500 possit,
1377 2429 1465 2474 sc.
1518 2404 1795 2474 Recueil
1828 2402 1952 2472 des
1984 2406 2165 2472 Hist.
2194 2402 2317 2473 des
2356 2404 2650 2489 Caedes,
2681 2427 2836 2498 par

696 2510 773 2577 la
826 2503 1321 2605 congregation
1375 2510 1464 2580 de
1518 2512 1913 2599 St-Maur,
1970 2512 2215 2598 Par-125,
2277 2506 2510 2606 1738,
2552 2524 2631 2579 et
2663 2516 2825 2582 suiv.

693 2618 873 2684 Ηιζςε.
892 2616 1014 2685 des
1038 2617 1256 2687 celtes
1267 2669 1290 2704 ,
1299 2640 1450 2712 par
1474 2617 1880 2704 Pelloutier,
1909 2621 2148 2704 Paris,
2198 2641 2223 2685 1
2244 2616 2415 2712 778.
2454 2619 2821 2706 mnenon,

689 2719 976 2790 kzzetoria
1020 2723 1408 2808 Gallorum,
1439 2738 1568 2791 etc.
1606 2739 1731 2792 ete.
1772 2722 2111 2793 Nonnulla
2137 2725 2338 2817 igitur
2369 2747 2451 2792 ex
2477 2722 2583 2793 his
2608 2748 2825 2794 excer-

691 2850 955 2920 pemus,
972 2853 1119 2921 quoe
1141 2827 1227 2898 ad
1249 2853 1466 2899 mores
1489 2844 1558 2897 et
1581 2831 1917 2924 ingenium
1939 2844 2243 2924 spectent
2258 2844 2644 2900 nostrorum
2667 2855 2825 2902 avo-

691 2958 842 3001 rum
875 2959 891 3001 :
936 2949 1003 3004 et
1044 2936 1333 3030 primum
1371 2935 1455 3005 de
1490 2937 1776 3005 nomine.
1818 2937 2097 3031 Ipsimet
2136 2960 2382 3006 nomen
2418 2936 2542 3005 sibi
2577 2936 2828 3007 dabant

690 3041 962 3112 CELTAE.
1025 3044 1243 3112 Graeci
1290 3067 1404 3113 eos
1453 3040 1878 3138 appellabant
1930 3044 2333 3110 ΓΑΛΑΤΑΣ
2351 3095 2373 3129 ,
2419 3056 2488 3111 et
2532 3045 2820 3114 Romani

685 3149 998 3218 Ganos.
1050 3150 1293 3243 Reipsa
1343 3147 1551 3219 Celtoe
1609 3163 1799 3217 erant
1832 3164 1900 3218 et
1949 3150 2203 3243 origine
2224 3202 2245 3236 ,
2299 3162 2369 3218 et
2409 3150 2674 3243 ingenio
2689 3203 2710 3237 ,
2751 3165 2823 3220 et

686 3253 1023 3340 moribus;
1067 3269 1264 3350 atquc
1306 3253 1522 3325 Gallia
1560 3253 1750 3324 sedes
1791 3279 2024 3325 corum
2058 3254 2186 3325 fuit
2207 3309 2228 3342 ,
2272 3279 2409 3324 non
2463 3257 2769 3350 primaria
2790 3309 2812 3344 ,

684 3357 802 3429 sed
831 3362 1163 3455 praecipua
1196 3376 1264 3431 et
1301 3384 1737 3456 permanens,
1771 3361 1840 3429 in
1882 3384 2015 3456 qua
2048 3361 2170 3430 sibi
2212 3363 2615 3456 potissimum
2660 3360 2804 3456 pla·

683 3480 993 3555 cuerunt,
1021 3490 1353 3562 quamque
1373 3467 1458 3535 ad
1480 3466 1663 3536 hunc
1685 3466 1893 3554 diem,
1915 3467 2085 3537 forte
2111 3468 2543 3564 quadraginta
2565 3467 2809 3539 abhinc

680 3571 932 3641 saeculis
955 3626 974 3661 ,
1023 3588 1389 3642 servarunt.
1447 3573 1784 3662 Quoniam
1824 3573 1907 3641 de
1949 3572 2154 3643 Celtis
2196 3576 2470 3668 quaestio
2504 3588 2654 3644 orta
2691 3576 2811 3662 sit,

680 3676 996 3746 nonnulla
1015 3677 1098 3747 de
1114 3678 1221 3748 his
1240 3671 1557 3748 disserere
1584 3680 1743 3748 mihi
1765 3705 1900 3748 non
1930 3704 2497 3775 supervacaneum
2525 3680 2806 3751 videtur.

779 3786 946 3870 Dio,
991 3782 1098 3853 lib.
1145 3810 1375 3855 χχιιι
1408 3839 1428 3874 ,
1458 3788 1750 3881 scripsit,
1787 3787 2084 3856 nationes
2144 3811 2292 3882 quae
2334 3788 2428 3858 cis
2494 3802 2809 3883 transque

673 3888 982 3959 Rhenum
1029 3891 1476 3980 incoluerunt,
1515 3894 1911 3987 antiquituS,
1954 3907 2023 3962 et
2067 3891 2265 3989 longe
2317 3907 2470 3962 ante
2522 3896 2804 3966 Casan-is

671 4009 972 4091 tempora
996 3998 1368 4117 ‘appellatas
1404 4023 1544 4068 esse
1584 3998 1822 4069 Celtas.
1862 3998 2230 4088 Diodorus,
2256 3998 2366 4068 lib.
2401 4024 2474 4089 V,
2499 4013 2802 4088 testatur,

672 4125 814 4171 aevo
833 4127 976 4190 suo,
991 4105 1030 4170 i.
1046 4127 1102 4172 e.
1109 4107 1200 4192 ,.J
1219 4106 1514 4192 Caesaris,
1533 4131 1763 4175 omnes
1776 4131 1889 4176 eas
1908 4120 2158 4199 gentes,
2182 4108 2551 4200 aPyrenaeo
2573 4121 2802 4177 monte

669 4232 877 4302 usque
913 4208 997 4277 ad
1029 4199 1363 4304 Scythiam
1408 4159 1810 4300 habitantes,
1847 4215 2182 4283 communi
2217 4214 2485 4284 nomine
2528 4211 2801 4300 Gallos»,

668 4316 1083 4385 nominatas.
1118 4317 1294 4388 unde
1332 4316 1726 4389 Plutarchus
1758 4266 1988 4406 tiadit,
2023 4318 2251 4392 Gallos
2286 4318 2500 4392 celtici
2534 4323 2797 4414 generis
