3111 5147
770 510 869 581 62

1063 510 1139 577 C.
1194 505 1479 574 JULII
1531 501 1997 572 CAESARIS
2051 500 2597 570 COMMENT.

873 642 948 709 L.
995 640 1304 710 Proximo
1339 636 1445 704 die
1464 686 1484 723 ,
1509 635 1809 704 instituto
1831 656 1988 719 suo,
2012 633 2236 701 Caesar
2269 656 2307 700 e
2333 634 2564 703 castris
2598 635 2885 730 utrisque

767 749 990 842 copias
1033 769 1184 814 suas
1225 743 1486 825 eduxit3
1520 737 1922 835 paulumque
1959 761 2000 805 a
2042 737 2400 831 majoribus
2416 737 2434 762 ²
2467 764 2850 834 progressus
2866 796 2885 829 ,

764 855 973 923 aciem
1024 851 1332 921 instruxit
1347 902 1368 936 ‚
1410 846 1841 941 hostibusque
1895 843 2232 939 pugnandi
2279 859 2672 940 potestatem
2718 846 2882 917 fecit.

763 960 903 1030 Ubi
945 983 1028 1027 ne
1065 972 1206 1026 tum
1247 953 1512 1050 quidem
1553 977 1667 1022 eos
1709 951 1974 1047 prodire
2014 949 2331 1021 intellexit
2348 1003 2369 1040 ‚
2398 951 2657 1022 circiter
2697 957 2884 1023 meri-

760 1065 936 1135 diem
978 1065 1339 1134 exercitum
1381 1062 1450 1129 in
1491 1073 1708 1130 castra
1734 1059 2007 1128 reduxit.
2031 1060 2201 1127 Tum
2229 1056 2498 1126 demum
2525 1060 2886 1130 Ariovisms

762 1187 1020 1266 partem
1043 1194 1313 1240 suarum
1341 1169 1684 1262 copiarum
1699 1220 1719 1251 ‚
1736 1190 1883 1260 quae
1918 1179 2134 1234 castra
2162 1167 2420 1234 minora
2444 1182 2885 1260 oppugnaret,

762 1280 977 1347 misit:
1011 1277 1251 1346 acriter
1278 1277 1586 1368 utrinque
1619 1296 1825 1367 usque
1860 1271 1944 1341 ad
1974 1290 2324 1367 vesper-tun
2359 1285 2728 1367 pugnatum
2770 1289 2880 1344 est.

763 1382 932 1453 Solis
975 1407 1218 1453 occasu
1265 1404 1416 1451 suas
1460 1382 1685 1475 copias
1729 1379 2095 1449 Ariovistus
2116 1432 2136 1466 ‚
2171 1377 2392 1448 multis
2449 1392 2516 1447 et
2571 1378 2768 1449 illatis
2823 1395 2886 1451 et

760 1492 1047 1585 acceptis
1082 1488 1463 1557 vulneribus
1483 1541 1504 1575 ‚
1539 1488 1608 1555 in
1648 1500 1864 1556 castra
1898 1485 2178 1555 reduxit.
2220 1486 2448 1574 Quum
2489 1508 2570 1554 ex
2612 1489 2885 1581 captivis

757 1611 1079 1689 quaereret
1129 1598 1352 1665 Caesar
1371 1647 1391 1681 ‚
1434 1617 1635 1688 quam
1695 1593 1783 1663 ob
1845 1616 1986 1661 rem
2042 1592 2408 1661 Ariovistus
2468 1590 2694 1686 praelio
2755 1618 2882 1661 non

758 1700 1127 1771 decertaret
1142 1754 1160 1788 ‚
1182 1702 1356 1769 hanc
1381 1698 1749 1794 reperiebat
1773 1722 2075 1768 causam:
2106 1698 2284 1792 quod
2314 1697 2491 1793 apud
2517 1700 2882 1769 Gennanos

756 1831 837 1876 ea
871 1805 1279 1877 consuetudo
1317 1820 1488 1875 esset
1516 1803 1564 1893 ²,
1594 1820 1670 1873 ut
1709 1820 1951 1874 matres
1986 1803 2245 1874 familiae
2285 1828 2515 1874 eorum
2559 1806 2845 1873 sortibus
2861 1792 2881 1829 ³

756 1928 824 1983 et
866 1912 1441 1983 vaticinationibus
1478 1910 1891 1981 declararent
1906 1964 1927 1998 ‚
1953 1925 2176 1979 utrum
2220 1909 2516 2005 praelium
2563 1915 2884 1981 committi

757 2044 838 2088 ex
881 2044 1006 2088 usu
1040 2033 1382 2109 esset‚nec
1419 2042 1504 2086 ne
1534 2044 1549 2085 :
1596 2041 1705 2087 eas
1740 2020 1830 2086 ita
1863 2017 2083 2086 dicere
2115 2042 2130 2084 ε
2166 2019 2323 2086 Non
2358 2042 2498 2087 esse
2534 2016 2632 2085 fas
2656 2004 2683 2048 ⁴
2717 2021 2882 2088 Ger·

753 2239 984 2312 legiones
1000 2258 1225 2296 numero
1239 2241 1520 2295 hominum
1532 2243 1774 2311 majores,

755 2321 947 2374 auxilia
982 2341 1012 2375 a
1046 2322 1200 2377 sociis
1227 2322 1415 2387 missa,
1443 2334 1498 2374 et
1534 2320 1663 2375 levis
1690 2340 1774 2374 ar·

754 2413 1002 2468 matium,
1024 2402 1232 2454 minora
1266 2420 1506 2454 numero.
1524 2396 1653 2453 vid.
1666 2402 1775 2454 Ve-

753 2492 856 2552 get.
887 2482 925 2534 1.
957 2482 1013 2534 11
1037 2519 1056 2548 ,
1085 2500 1199 2552 cap.
1240 2499 1289 2534 1.

833 2560 962 2614 Cu.
993 2562 1055 2615 L.
1088 2578 1135 2614 1.
1164 2559 1449 2631 Major-ibus.
1470 2557 1643 2615 codd.
1669 2560 1777 2631 ple-

752 2639 853 2710 riq.
874 2652 925 2692 et
939 2638 1061 2693 edd.
1079 2637 1282 2692 addunt
1297 2644 1481 2694 castris.
1497 2641 1674 2695 Recte.
1695 2641 1771 2693 M.

838 2739 888 2771 α.
924 2720 1008 2771 Εα
1042 2719 1325 2771 consuetudo
1354 2732 1488 2772 esset.
1520 2719 1604 2772 Ita
1633 2719 1802 2772 plut.-

752 2799 809 2850 in
832 2798 1050 2852 Caeeare.
1080 2817 1126 2853 c.
1167 2817 1255 2866 19.
1290 2801 1361 2852 ln
1386 2795 1448 2852 δὲ
1473 2801 1655 2867 μᾶλλον
1684 2802 1774 2853 αὐ-

751 2879 860 2940 τοὺς
876 2868 900 2946 (
917 2879 1188 2950 Γερμανοὺς
1202 2869 1225 2947 )
1239 2875 1451 2951 finemve
1476 2877 1542 2931 τὰ
1567 2881 1777 2950 μαντεύ-

750 2976 892 3028 ματα
911 2965 1007 3011 τῶν
1028 2959 1162 3030 ἶιρῶν
1183 2967 1436 3030 γυναικῶν,
1457 2957 1509 3011 αἳ
1528 2967 1771 3030 ποταμῶν

748 3032 908 3101 δίναις
933 3038 1331 3112 προσὸλέπουσαι
1348 3079 1363 3104 ,
1397 3038 1481 3093 καὶ
1518 3039 1770 3110 ῥευμάτων

747 3118 991 3189 ίλιγμοῖς,
1023 3118 1106 3172 καὶ
1156 3119 1318 3189 ψόφοις
1356 3120 1773 3190 τεκμαιρόμεναι,

745 3199 1218 3269 motuavi-itone&
1251 3201 1399 3251 ἐῶσαι
1430 3198 1596 3269 μάχην
1617 3200 1775 3251 τίθεσ-

745 3281 859 3339 θαι,
876 3277 987 3348 πρὶν
1017 3278 1289 3349 inuidiaque:
1312 3280 1424 3344 νέαν
1455 3277 1674 3334 σελήνην.
1690 3309 1773 3320 -

746 3354 1060 3408 Mulieribus
1087 3368 1262 3408 autem
1291 3375 1450 3427 quam
1488 3356 1771 3409 maximam

686 3469 693 3474 -
743 3432 905 3487 fidem
937 3434 1189 3487 Germani
1218 3433 1675 3507 habebant,quod
1704 3436 1769 3489 iis

743 3512 912 3566 inesse
933 3526 1170 3567 sanctum
1191 3513 1390 3586 aliquid
1411 3527 1462 3567 et
1483 3512 1769 3586 providum

744 3606 1020 3663 putarent;
1050 3592 1193 3646 unde
1234 3595 1428 3647 factum
1446 3632 1463 3660 ,
1496 3606 1558 3647 ut
1586 3613 1770 3648 earum

740 3673 1009 3725 nonnullae
1040 3673 1178 3726 inter
1209 3672 1330 3726 deas
1356 3673 1552 3727 fuerint
1580 3692 1767 3728 nume-

740 3764 882 3805 ratae.
915 3752 1082 3806 Tacit.
1117 3752 1252 3807 Hist.
1283 3753 1318 3806 l.
1349 3772 1438 3819 ιν,
1461 3772 1507 3807 c.
1543 3756 1637 3808 61.
1681 3754 1766 3808 Sic

741 3831 984 3898 Aurinia,
1011 3834 1085 3886 sic
1108 3831 1326 3886 Velleda
1345 3834 1628 3887 numinum
1647 3833 1766 3888 loco

740 3910 923 3980 positae
936 3949 953 3977 ‚
977 3924 1039 3965 ut
1058 3909 1212 3966 docet
1234 3911 1402 3982 idem,
1424 3909 1492 3967 de
1521 3914 1765 3967 Moribus

739 3987 920 4044 Germ.
951 4010 997 4046 c.
1031 3994 1083 4046 8.
1101 3991 1209 4047 vid.
1243 3992 1527 4048 Schedium
1557 3993 1626 4048 de
1650 3993 1764 4047 Diis

740 4086 902 4138 germ.
931 4072 1213 4144 Syntagma
1241 4092 1287 4127 11
1305 4113 1322 4140 ‚
1348 4094 1394 4128 c.
1431 4075 1523 4139 43.
1543 4107 1624 4118 -—
1645 4074 1765 4127 Mu-

737 4146 954 4204 neribus
984 4152 1095 4206 istis
1127 4152 1351 4208 fatidicis
1380 4173 1576 4208 nomen
1605 4154 1763 4206 Alru-

738 4243 926 4302 nerum
941 4267 958 4295 ‚
1000 4250 1091 4284 seu
1131 4233 1489 4288 Alironiarum
1517 4229 1762 4306 (germa-

1861 2241 1981 2294 nice
2030 2237 2319 2305 Almam)
2374 2241 2531 2295 fuisse
2583 2244 2882 2314 perhibent.

1861 2319 1988 2374 Haec
2017 2332 2071 2374 et
2098 2321 2250 2392 plura
2274 2320 2618 2394 Oudendorp.

1943 2401 1997 2454 3.
2027 2400 2261 2454 Son-azar.
2295 2400 2472 2454 Sortes
2510 2415 2634 2455 sunt
2676 2402 2884 2457 divina·

1862 2479 2019 2533 tionis
2046 2497 2240 2551 genus,
2270 2498 2435 2552 quum
2464 2480 2684 2548 litterae,
2712 2497 2884 2549 nota,

1860 2558 2031 2627 dicta,
2063 2559 2314 2632 inscripta
2336 2560 2501 2628 soliis,
2529 2562 2671 2628 talis,
2702 2562 2850 2635 ligno
2867 2602 2886 2628 ,

1859 2638 2122 2694 schedulis
2133 2678 2151 2705 ‚
2165 2641 2328 2694 mixta
2350 2655 2444 2695 aut
2459 2660 2707 2696 concussa
2733 2644 2885 2696 exhi-

1857 2720 2053 2773 hentur
2082 2721 2147 2772 iis
2177 2720 2270 2791 qui
2308 2718 2433 2774 deos
2471 2722 2790 2789 consulunt,
2825 2737 2885 2776 ut

1858 2799 2004 2872 quod
2020 2799 2256 2871 primum
2267 2800 2432 2853 veluti
2449 2802 2722 2855 sortitione
2740 2804 2883 2856 exie-

1857 2880 1958 2946 rit,
1981 2878 2038 2931 id
2066 2880 2303 2951 responsi
2335 2877 2504 2934 divini
2533 2882 2642 2934 vim
2670 2883 2882 2936 habeat.

1856 2958 1973 3014 Hoc
1985 2960 2104 3012 loeo
2113 2997 2131 3026 ,
2144 2972 2292 3014 sortes
2308 2960 2617 3032 generaliter
2631 2980 2886 3033 responsa

1858 3037 2056 3094 divina.
2084 3039 2161 3094 M.

1939 3128 1992 3185 4.
2027 3117 2144 3172 Non
2173 3139 2270 3172 esse
2296 3120 2400 3188 fas.
2439 3119 2560 3172 Non
2592 3119 2754 3174 licere
2786 3140 2888 3193 per

1857 3199 2186 3272 religionem.
2205 3197 2287 3251 Id.
2305 3231 2387 3242 --
2403 3198 2500 3251 Fas
2527 3211 2604 3252 est
2625 3201 2713 3269 jus
2738 3198 2885 3253 divi-

1854 3297 1987 3331 num
2000 3276 2172 3342 ,unde
2186 3277 2445 3349 Virgilius
2470 3277 2755 3331 discrimen
2775 3292 2881 3333 sta-

1856 3359 1960 3411 tuit
1972 3357 2110 3410 inter
2127 3358 2203 3411 fas
2218 3370 2271 3411 et
2283 3360 2398 3429 jus,
2416 3358 2609 3430 Georg.
2622 3375 2673 3424 1,
2698 3359 2832 3412 268.

1915 3453 2102 3515 Quippe
2120 3454 2259 3562 {linga
2280 3453 2410 3501 festis
2430 3453 2638 3515 quadam
2660 3466 2885 3501 exercere

1985 3529 1991 3534 ’
2183 3531 2208 3561 e
2244 3531 2298 3561 118

1927 3586 2014 3630 Fas
2036 3595 2084 3631 et
2101 3586 2208 3646 jura
2224 3587 2395 3633 sinunt.

1852 3673 1908 3727 Si
1938 3694 2066 3728 vero
2097 3675 2230 3747 quid
2272 3678 2409 3730 nolit
2451 3679 2595 3731 Deus
2635 3677 2754 3730 fieri
2769 3716 2788 3741 ‚
2818 3676 2884 3731 id

1852 3765 1993 3808 certe
2006 3753 2220 3810 videtur
2233 3750 2479 3810 ἀδύνατον
2491 3794 2510 3822 ,
2529 3756 2878 3829 impossibile.

1850 3834 1938 3886 Sic
1956 3836 2086 3888 item
2106 3833 2173 3889 de
2185 3836 2436 3890 German.
2450 3836 2611 3889 habet
2633 3836 2757 3889 Tac.
2772 3874 2789 3902 ‚
2808 3855 2876 3888 11.

1855 3913 2059 3977 Coeunt,
2080 3918 2177 3968 nisi
2190 3917 2321 3989 quod
2329 3919 2588 3984 fortuitum
2601 3929 2649 3966 et
2665 3915 2874 3968 subitum

1851 3995 2092 4058 inciderit,
2122 3999 2261 4049 certis
2301 3996 2465 4048 diebus
2478 4035 2493 4058 ,
2529 4015 2634 4047 cum
2673 4008 2761 4046 aut
2793 3997 2875 4045 in-

1850 4074 2050 4128 choatia-
2073 4077 2189 4129 luna
2214 4089 2302 4128 aut
2325 4075 2693 4146 impletur-:nam
2717 4093 2874 4143 agm-

1849 4154 1926 4207 dis
1947 4156 2082 4208 rebus
2118 4158 2206 4209 ltoc
2233 4158 2656 4228 auspicatissimum
2682 4156 2872 4206 initium

1849 4235 2061 4290 credunt.
2108 4238 2276 4308 Cujus
2320 4234 2708 4309 superstitionis
2764 4232 2867 4304 ipsi
