3111 5147
717 576 813 645 88
1029 578 1106 644 C.
1161 577 1438 645 JULII
1495 575 1949 644 CAESARIS
2003 572 2546 642 COMMENT.

712 732 913 800 opere
973 732 1131 787 casu
1190 707 1455 775 devenit
1468 731 1791 801 ,quaeque
1851 706 2064 799 prima
2124 704 2308 833 signa
2349 703 2727 797 conspexit,
2752 701 2832 770 ad

712 813 853 882 haec
910 815 1242 901 constitit,
1270 837 1388 901 ne,
1414 814 1481 881 in
1541 811 1908 906 quaerendis
1970 795 2150 879 suis⁶
2152 863 2172 898 ,
2199 809 2537 904 pugnandi
2574 823 2835 902 tempus

708 917 1080 988 dimitteret.

817 1028 1040 1094 XXII.
1082 1028 1417 1094 Instructo
1457 1025 1748 1093 exercitu
1797 1024 2005 1116 magis
2042 1036 2118 1091 ut
2157 1021 2285 1091 loci
2325 1037 2593 1110 natura,
2621 1020 2832 1113 dejec-

712 1129 982 1224 tusque¹
1016 1129 1198 1200 collis
1223 1144 1290 1198 et
1318 1132 1670 1200 necessitas
1701 1130 2046 1223 temporiS,
2064 1152 2261 1222 quam
2307 1142 2382 1196 ut
2409 1129 2502 1197 rei
2538 1125 2834 1197 militaris

702 1238 883 1305 -ratio
926 1251 1123 1330 atque
1165 1235 1330 1305 ordo
1366 1235 1742 1331 postulabat
1759 1289 1779 1323 ,
1807 1259 2042 1330 quum,
2070 1234 2341 1303 diversis
2381 1232 2748 1328 legionibus
2771 1231 2791 1257 ²
2814 1285 2832 1319 ,

713 1339 856 1410 aliae
900 1339 1025 1410 alia
1066 1344 1132 1409 in
1175 1356 1399 1437 parte,
1428 1342 1726 1411 hostibus
1785 1342 2160 1411 resisterent
2178 1393 2199 1426 ‚
2226 1340 2615 1434 sepibusque
2674 1338 2831 1407 den-

714 1448 979 1516 sissimis
997 1501 1017 1535 ,
1052 1462 1130 1516 ut
1162 1463 1313 1517 ante
1354 1447 1946 1517 demonstravimus
1963 1500 1982 1534 ,
2017 1447 2403 1538 interjectis,
2446 1459 2832 1540 prospectus

712 1553 1140 1646 impediretur
1172 1580 1186 1622 :
1230 1579 1444 1649 neque
1487 1569 1669 1625 certa
1709 1554 1995 1624 subsidia
2037 1551 2344 1623 collocari
2361 1606 2381 1641 ,
2422 1576 2637 1647 neque
2677 1549 2832 1644 quid

713 1658 783 1725 in
852 1680 1110 1754 quaque
1173 1676 1359 1756 parte
1423 1685 1591 1755 opus
1644 1674 1815 1729 esset
1871 1658 2200 1753 provideri
2222 1711 2242 1746 ,
2276 1683 2489 1753 neque
2548 1657 2633 1727 ab
2696 1680 2830 1726 uno

714 1767 937 1834 omnia
977 1767 1252 1862 imperia
1292 1767 1730 1835 administrari
1770 1779 2093 1859 poterant.
2138 1768 2369 1859 Itaque
2411 1766 2476 1832 in
2520 1777 2705 1832 tanta
2732 1788 2828 1831 re·

712 1895 862 1940 rum
898 1872 1235 1966 iniquitate
1277 1872 1559 1941 fortunae
1587 1896 1848 1967 quoque
1876 1886 2149 1941 eventus
2175 1873 2340 1939 varii
2373 1870 2826 1965 sequebantur.

818 1980 1074 2045 XXIII.
1120 1979 1426 2071 Legionis
1465 2003 1657 2048 nonae
1686 1994 1753 2050 et
1774 1977 2044 2047 decimae
2070 1976 2304 2046 milites
2326 2030 2345 2064 ,
2370 1991 2447 2046 ut
2477 1978 2544 2044 in
2575 1977 2830 2046 sinistra

711 2096 900 2175 parte
940 2081 1111 2150 acie¹
1132 2086 1562 2153 constiterant
1579 2137 1599 2172 ,
1630 2083 1774 2178 pilis
1807 2085 2055 2152 emissis
2070 2136 2090 2171 ‚
2121 2108 2320 2152 cursu
2350 2106 2428 2151 ac
2458 2081 2829 2151 lassitudine

711 2189 1115 2258 exanimatos
1135 2186 1156 2213 ²
1187 2188 1695 2285 vulneribusque
1737 2189 2071 2259 confectos
2114 2189 2456 2258 Atrebates
2498 2180 2689 2277 (nam
2730 2188 2828 2256 his

709 2317 789 2361 ea
829 2318 982 2388 pars
1025 2290 1424 2387 obvenerat)
1455 2296 1751 2366 celeriter
1787 2322 1868 2365 ex
1910 2295 2057 2365 loco
2099 2298 2433 2389 superiore
2475 2296 2541 2361 in
2584 2294 2827 2362 flumen

708 2399 1201 2494 compulerunt3
1220 2418 1287 2471 et
1315 2404 1592 2471 transire
1623 2416 1936 2473 conantes
1965 2403 2240 2471 insecuti
2265 2399 2492 2495 gladiis
2519 2424 2824 2494 magnam

705 2520 964 2599 partem
1010 2532 1242 2577 eorum
1286 2508 1665 2602 impeditam
1709 2508 2193 2578 interfecerunt.
2237 2510 2371 2602 Ipsi
2414 2508 2691 2576 transire
2719 2506 2827 2575 flu·

708 2636 862 2680 men
912 2638 1047 2681 non
1089 2613 1588 2704 dubitaverunt3
1626 2630 1731 2702 et,
1757 2617 1824 2683 in
1868 2613 2086 2684 locum
2129 2616 2423 2708 iniquum
2467 2614 2825 2708 progressi,

706 2742 934 2787 rursus
968 2743 1296 2813 regressos
1340 2744 1418 2790 ac
1459 2668 1830 2791 resisterites
1870 2721 2092 2791 hostes
2122 2720 2563 2814 redintegrato
2604 2718 2826 2813 praelio

704 2823 773 2890 in
817 2822 1042 2918 fugam
1078 2825 1419 2895 dederunt.
1443 2830 1614 2896 Item
1658 2826 1834 2896 alia
1816 2852 1884 2894 in
1914 2842 2102 2922 parte
2131 2815 2418 2895 diversae
2447 2825 2592 2894 duae
2628 2825 2822 2922 legio·

707 2953 855 3015 nes,
872 2930 1219 3001 undecima
1252 2947 1320 3000 et
1354 2948 1617 3021 octava,
1647 2933 2006 3027 profligatis
2031 2932 2547 3052 Veromanduis,
2569 2932 2826 3025 quibus-

705 3059 859 3105 cum
902 3052 1091 3105 erant
1134 3040 1503 3132 congressi,
1538 3064 1620 3108 ex
1663 3038 1810 3109 loco
1854 3040 2189 3134 superiore
2232 3041 2298 3106 in
2341 3040 2495 3133 ipsis
2539 3037 2824 3107 fluminis

703 3223 869 3271 mentis
893 3239 924 3272 e
951 3221 1098 3273 corio
1129 3222 1276 3275 factis
1304 3241 1439 3294 opus
1476 3235 1589 3276 erat
1606 3260 1624 3288 ‚
1653 3241 1721 3276 ne
1807 3225 1924 3275 locis
1953 3225 2185 3292 legiones,
2212 3224 2355 3285 alioe,
2385 3235 2506 3286 etc„-
2535 3220 2627 3276 sed
2651 3223 2825 3275 minus

701 3298 885 3351 form-‘e
904 3311 956 3351 et
980 3300 1182 3353 colores
1205 3302 1362 3355 scutis
1380 3301 1546 3355 additi
1563 3341 1580 3367 ,
1604 3303 1723 3374 pul·
1804 3302 2082 3374 eleganter.

701 3396 824 3429 vere
868 3390 957 3430 aut
999 3379 1131 3430 aeris
1175 3380 1367 3450 injuria
1412 3399 1717 3451 corrumpe-
1883 3384 2011 3435 Cu.
2029 3382 2232 3434 XXIII.
2252 3400 2298 3435 ι.
2328 3381 2468 3435 Acie.
2491 3381 2638 3434 Hanc
2660 3391 2820 3434 veter.

698 3467 901 3509 rentur.
933 3456 1072 3509 Hinc
1116 3476 1198 3529 ap.
1231 3459 1342 3511 Cic.
1371 3458 1490 3512 Nat.
1523 3461 1681 3516 Deor.
1699 3497 1716 3524 ‚
1802 3461 2021 3531 genitivi
2052 3462 2278 3514 fonnem
2307 3461 2536 3513 restituit
2575 3458 2820 3513 Oudend.

697 3535 783 3601 11,
817 3542 919 3599 14,
944 3538 1209 3607 clypeorum
1235 3538 1491 3591 involucra.
1802 3559 1833 3592 e
1862 3538 2018 3593 codd.
2051 3540 2266 3611 optimis
2300 3552 2354 3592 et
2392 3558 2453 3592 ex
2487 3543 2548 3592 A.
2577 3540 2713 3593 Gen.
2753 3541 2816 3592 N.

780 3619 834 3670 6.
866 3616 929 3668 In
972 3616 1236 3688 quoerendis
1273 3621 1387 3670 suis.
1436 3617 1617 3689 Scalig.
1667 3623 1717 3670 e'n
1801 3620 1909 3672 Att.
1938 3637 2026 3684 ιι,
2059 3625 2145 3682 14.
2166 3620 2257 3690 qui
2281 3618 2436 3673 docet
2460 3621 2740 3682 Caesarem,
2763 3620 2818 3671 in

698 3695 951 3765 qum-endo
978 3715 1104 3749 suos.
1136 3696 1218 3748 Al.
1263 3697 1553 3768 inquirendo.
1800 3699 1940 3751 libm
1953 3698 2022 3751 de
2041 3699 2290 3770 Analogia
2311 3697 2567 3764 secundo,
2582 3700 2722 3769 huju-5
2746 3700 2822 3750 die

774 3774 901 3827 Cn.
919 3774 1094 3827 XXII.
1113 3794 1135 3827 1
1147 3816 1160 3828 .
1172 3775 1498 3849 Defectusque.
1519 3775 1716 3830 Procli·
1801 3789 1852 3829 et
1869 3779 2007 3858 hujus
2023 3782 2200 3848 specie,
2217 3797 2319 3850 pro
2341 3779 2480 3848 1⁸qu
2501 3779 2599 3831 diei
2616 3790 2666 3830 et
2683 3781 2822 3849 hujus

695 3853 855 3920 vitas,
879 3851 1145 3906 declivitas
1177 3855 1341 3909 collis.
1376 3857 1459 3910 Al.
1489 3856 1710 3910 delectus.
1797 3862 1968 3928 speciei
2001 3856 2286 3911 dicendum
2315 3870 2537 3929 putasse.

693 3930 876 3985 Nostri
892 3951 1103 4004 qnoque
1118 3931 1275 3988 codd.
1298 3935 1419 3989 hab.
1435 3933 1539 3989 Sed
1559 3937 1710 3990 male.
1884 3958 1931 3991 ιι.
1960 3936 2118 3990 Cursu
2134 3958 2193 3990 ac
2213 3939 2490 3990 lassitudine
2508 3941 2817 3992 exanimatos.

780 4031 829 4063 ιι.
853 4012 1066 4065 Diversis
1100 4014 1377 4084 legionibus.
1402 4016 1522 4069 Abl.
1560 4017 1712 4069 abso·
1797 4016 2000 4071 Crebro
2029 4018 2128 4071 hac
2171 4037 2300 4072 voce
2342 4018 2516 4071 Cmar
2557 4036 2681 4070 usus
2710 4030 2817 4082 est,

693 4089 1193 4162 lutus.1aegionibus
1216 4090 1454 4150 discretis
1470 4097 1711 4167 ,sejunc-
1795 4115 1896 4167 pro
1926 4116 1991 4151 eo
2030 4098 2123 4170 qui
2163 4098 2235 4150 oh
2277 4096 2638 4150 lassitudinem
2685 4115 2818 4167 aegre

695 4168 793 4234 tis,
812 4170 955 4236 aliae,
972 4185 1070 4226 etc.
1091 4173 1242 4226 Hanc
1264 4174 1542 4228 lectionem
1561 4194 1712 4229 revo·
1794 4176 2041 4246 spiritum
2071 4177 2247 4230 trahit.
2280 4176 2365 4230 sic
2390 4190 2443 4230 et
2471 4177 2639 4230 Plaut.
2665 4177 2809 4229 Asin.

695 4248 810 4301 cavi
835 4266 896 4300 ex
926 4252 1119 4305 nostris
1147 4250 1332 4318 codd„
1371 4268 1424 4307 et
1452 4255 1711 4326 probante
1796 4267 1892 4308 act.
1906 4275 1980 4321 11,
2000 4275 2071 4310 sc.
2090 4277 2112 4310 1
2131 4296 2148 4322 ,
2170 4275 2236 4326 ¹7
2261 4273 2275 4307 :
2296 4255 2397 4309 Sed
2412 4257 2533 4330 quid
2550 4257 2678 4309 illud
2695 4256 2823 4330 quod

694 4324 942 4381 Oudend.
974 4330 1081 4384 Alii
1114 4330 1312 4385 hahent
1344 4353 1486 4402 quum
1515 4333 1710 4385 diversae
1793 4340 2092 4389 emunaetas
2117 4338 2267 4389 cun-it
2295 4337 2373 4389 Ιιίε
2393 4336 2649 4391 Leonida.»
