3111 5147
585 464 590 467 ’
701 486 854 574 486
1467 480 1608 548 DE
1662 475 2065 547 GALLIA

615 676 630 687 ,
699 643 822 689 nos
848 616 1030 686 urbis
1055 638 1189 684 suoe
1212 612 1467 683 excidio
1491 608 1752 704 elapsos
1768 660 1789 696 ,
1822 606 2116 677 desertas
2144 619 2215 679 et
2241 602 2535 674 incultas
2562 605 2875 699 Europae
2994 610 2997 691 ἶ

697 727 1001 819 regiones
1057 723 1239 816 prius
1291 716 1657 789 incoluisse.
1719 717 2074 812 Perper-am
2121 737 2136 779 :
2183 735 2341 780 nam
2397 726 2875 807 praeterquam
2998 748 2999 757 κ

700 831 879 927 quod
921 824 1300 900 incredibile
1327 840 1426 895 est
1458 823 1899 916 Trojanorum
1932 817 2235 914 reliquias
2272 832 2377 887 tot
2402 819 2733 913 regiones
2768 821 2874 888 in-

702 937 864 1009 colis
882 936 1091 1005 ditare
1109 935 1431 1029 potuisse,
1445 930 1608 1000 illud
1627 929 2041 1024 potissimum
2064 926 2314 1013 obstat,
2337 925 2523 1019 quod
2535 927 2687 1019 jam
2703 941 2869 995 ante

699 1048 1002 1138 Europa,
1029 1039 1332 1111 Herculis
1364 1036 1802 1131 temporibus,
1826 1034 2171 1105 hominum
2211 1056 2495 1101 numero
2525 1032 2865 1128 frequen·

701 1152 952 1220 tissima
990 1149 1205 1217 fuerit.
1253 1147 1514 1235 Quarta
1548 1142 1775 1237 opinio
1817 1140 1901 1211 de
1927 1139 2268 1212 Celtarum
2305 1141 2562 1234 origine
2596 1140 2861 1234 proba·

702 1256 899 1326 bilior
939 1254 1232 1340 videtur3
1263 1277 1414 1348 quae
1439 1250 1706 1346 quidem
1738 1247 1972 1318 eodem
2010 1271 2198 1343 paene
2235 1245 2443 1333 redit,
2475 1246 2651 1315 unde
2696 1246 2871 1316 libri

707 1365 877 1433 sacri
911 1361 1450 1459 proficiscuntur,
1481 1357 1569 1426 ad
1607 1381 1755 1425 eam
1787 1354 1921 1424 scil.
1954 1355 2382 1439 sententiam,
2407 1377 2597 1447 quam
2630 1353 2865 1423 modo

707 1471 1144 1564 expressimus
1157 1521 1177 1555 ,
1205 1465 1427 1537 Celtas
1448 1464 1727 1558 Scythas
1748 1486 1905 1531 esse.
1931 1461 2129 1531 Plura
2143 1460 2225 1530 de
2244 1484 2487 1555 genere
2500 1459 2859 1529 Celtarum

705 1576 837 1645 hoc
874 1575 1023 1646 loco
1066 1573 1363 1670 proferre
1390 1571 1555 1641 mihi
1587 1568 1815 1638 inutile
1844 1568 2144 1655 videtur3
2183 1593 2391 1662 quum
2417 1569 2675 1655 omnia,
2701 1592 2861 1661 quae

710 1681 882 1752 ultra
915 1682 1383 1751 dissereremus
1404 1733 1423 1767 ,
1449 1681 1702 1747 incerta
1733 1689 1980 1763 essent,
2004 1690 2074 1744 et
2101 1676 2511 1745 contentioni
2538 1674 2859 1744 obnoxia„

710 1790 817 1858 De
875 1790 1082 1857 veteri
1137 1802 1359 1856 autem
1426 1782 1773 1855 Gallorum
1834 1782 2141 1869 historia,
2203 1806 2369 1877 quos
2420 1780 2655 1851 Celtas
2712 1806 2860 1852 esse

711 1896 1170 1963 constituimus
1210 1918 1290 1961 ex
1317 1889 1872 1987 praecedentibuS,
1909 1886 2071 1959 nihil
2108 1890 2480 1984 promptius
2494 1942 2518 1976 ,
2555 1887 2863 1982 nihilque

712 2000 798 2069 ad
836 2024 976 2068 rem
1010 2001 1226 2095 aptius
1264 1997 1744 2093 subjiciendum
1798 1996 2120 2065 hahemus
2143 2049 2163 2083 ,
2192 2020 2391 2090 quam
2418 1994 2859 2065 tractatulmn

714 2108 1036 2177 concinne
1090 2121 1158 2175 et
1204 2104 1538 2202 eleganter
1588 2105 1994 2198 descriptum
2037 2126 2078 2171 a
2120 2100 2428 2174 Gabriele
2469 2106 2761 2173 Bretia-
2796 2105 2862 2170 in

715 2216 849 2285 suis
888 2214 972 2283 ad
1007 2216 1311 2285 Tacitum
1348 2214 1551 2299 notis,
1597 2226 1641 2281 t.
1687 2235 1741 2300 1,
1781 2236 1846 2306 p.
1898 2207 2043 2307 367
2066 2261 2087 2297 ,
2123 2209 2224 2278 ed.
2261 2211 2502 2279 in-12.
2549 2211 2866 2279 Sinamus

715 2322 917 2416 igitur
947 2346 1099 2390 eum
1131 2320 1341 2415 loqui,
1370 2321 1514 2416 qui,
1541 2341 1697 2389 vere
1724 2315 1988 2405 Gallus,
2010 2315 2359 2387 Gallorum
2378 2329 2696 2386 veterum
2724 2315 2861 2412 glo-

717 2428 881 2496 riam
916 2426 1265 2497 luculentis
1303 2427 1521 2495 verbis
1558 2424 1933 2495 celebravit.

1037 2608 1125 2653 m
1179 2591 1550 2674 xri-:unns
1609 2604 2093 2653 <annosum
2148 2604 2527 2652 eronus

833 2769 869 2808 er
912 2743 1296 2812 Arctissima
1329 2757 1473 2823 erat
1496 2765 1675 2812 anno
1704 2742 1889 2812 urbis
1922 2742 2203 2813 conditae
2229 2765 2359 2814 cxl,
2379 2795 2399 2830 ,
2436 2757 2595 2812 ante
2629 2744 2861 2814 Chris·

719 2862 861 2916 tum
915 2848 1004 2918 61
1022 2852 1066 2934 4
1085 2900 1103 2933 ,
1164 2848 1286 2917 sub
1326 2850 1684 2943 Tarquinio
1734 2850 1962 2918 Prisco
2003 2872 2277 2918 romana
2315 2873 2418 2918 res
2439 2903 2458 2936 ,
2495 2874 2715 2944 quum
2742 2850 2861 2919 flo-

719 2956 1160 3024 rentissimum
1195 2956 1336 3048 jam
1377 2955 1646 3051 vigebat
1683 2953 2032 3026 Gallorum
2063 2977 2360 3050 regnum.
2409 2957 2693 3025 Summa
2732 2956 2857 3024 im-

716 3062 887 3158 perii
913 3076 1054 3130 tum
1093 3062 1220 3131 fuit
1254 3086 1456 3157 penes
1488 3063 1815 3156 Bituriges
1834 3115 1856 3148 ,
1883 3063 1949 3130 le
1982 3066 2215 3155 Ber-ay.
2247 3063 2305 3131 Ii
2328 3087 2553 3157 regem
2582 3061 2862 3150 dabant,

717 3169 832 3262 qm·
884 3167 1170 3255 Celtico,
1237 3192 1355 3237 seu
1407 3170 1590 3238 omni
1647 3167 1913 3254 Galliae,
1963 3169 2401 3264 imperitaret3
2458 3193 2674 3263 eaque
2715 3185 2860 3240 erat

717 3275 907 3367 regni
949 3273 1254 3362 felicitaS,
1282 3288 1391 3360 ut,
1416 3275 1485 3342 in
1530 3289 1710 3344 terra
1752 3274 2022 3369 frugum
2059 3274 2540 3369 hominumque
2581 3274 2857 3345 fertilis·

719 3381 882 3448 sima
898 3433 918 3468 ,
961 3379 1302 3450 abundans
1335 3379 1691 3453 multitudo
1734 3383 1844 3450 vix
1886 3382 2024 3475 regi
2068 3406 2262 3475 posse
2294 3382 2651 3452 videretur.
2695 3383 2855 3452 Am-

717 3486 977 3580 bigatus
1022 3512 1137 3556 rex
1157 3537 1175 3570 ,
1226 3488 1473 3555 virtute
1514 3486 1947 3583 fortunaque,
1987 3502 2132 3557 tum
2188 3512 2343 3574 sua,
2386 3502 2537 3559 tum
2586 3486 2855 3582 publiea

718 3591 1111 3687 praepollens
1130 3647 1150 3681 ,
1186 3607 1255 3662 et
1294 3617 1540 3687 magno
1570 3594 1710 3688 jam
1752 3608 1951 3681 natu,
1995 3618 2354 3664 exonerare
2394 3608 2854 3689 praegravante

719 3699 918 3768 turba
962 3723 1243 3794 regnum
1290 3701 1514 3795 cupiit.
1551 3700 1970 3770 Bellovesum
2011 3724 2090 3771 ac
2133 3702 2525 3795 Sigovesum
2544 3754 2564 3789 ,
2607 3702 2852 3772 sororis

716 3804 918 3892 filios,
978 3807 1294 3900 impigros
1349 3807 1659 3900 juvenes,
1712 3808 2006 3895 monuit,
2058 3822 2136 3876 ut
2188 3809 2586 3877 sortirentur
2642 3829 2851 3878 novas

719 3925 930 3981 terras
954 3966 974 4000 ,
1002 3936 1167 4006 quas
1183 3928 1586 4007 quaereoent3
1609 3915 2056 4008 permisitque,
2080 3929 2401 4009 quantum
2430 3915 2555 4009 ipsi
2585 3912 2851 3998 vellent,

718 4041 1070 4088 numerum
1132 4020 1480 4090 hominum
1532 4022 1748 4091 excire
1768 4074 1789 4109 ,
1838 4046 1923 4090 ne
1978 4043 2113 4116 qua
2161 4046 2322 4115 gens
2368 4045 2596 4091 arcere
2640 4019 2844 4091 adve-

721 4125 976 4196 nientes
1021 4142 1260 4222 posset.
1317 4130 1546 4198 Sortes
1587 4129 1900 4224 Sigoveso
1944 4130 2310 4221 Hercynios
2346 4126 2575 4215 saluis,
2623 4125 2847 4198 Bello-

723 4254 879 4302 veso
913 4231 1175 4304 Italiam
1217 4234 1666 4330 adsignavere.
1699 4264 1735 4303 n
