<?xml version="1.0" encoding="UTF-8"?>
<!DOCTYPE html PUBLIC "-//W3C//DTD XHTML 1.0 Transitional//EN"
    "http://www.w3.org/TR/xhtml1/DTD/xhtml1-transitional.dtd">
<html xmlns="http://www.w3.org/1999/xhtml" xml:lang="en" lang="en">
 <head>
  <title>
</title>
<meta http-equiv="Content-Type" content="text/html;charset=utf-8" />
  <meta name='ocr-system' content='tesseract 3.04.00' />
  <meta name='ocr-capabilities' content='ocr_page ocr_carea ocr_par ocr_line ocrx_word'/>
</head>
<body>
  <div class='ocr_page' id='page_1' title='image "./caesaradbodices00caesgoog_0495.png"; bbox 0 0 3111 5147; ppageno 0'>
   <div class='ocr_carea' id='block_1_1' title="bbox 507 572 2384 673">
    <p class='ocr_par' dir='ltr' id='par_1_1' title="bbox 507 572 2384 673">
     <span class='ocr_line' id='line_1_1' title="bbox 507 572 2384 673; baseline 0.002 -29"><span class='ocrx_word' id='word_1_1' title='bbox 507 576 643 644; x_wconf 91' lang='lat' dir='ltr'>DE</span> <span class='ocrx_word' id='word_1_2' title='bbox 695 572 1042 644; x_wconf 91' lang='lat' dir='ltr'>BELLO</span> <span class='ocrx_word' id='word_1_3' title='bbox 1096 574 1595 643; x_wconf 77' lang='lat' dir='ltr'>GALLICO.</span> <span class='ocrx_word' id='word_1_4' title='bbox 1653 574 1839 642; x_wconf 92' lang='lat' dir='ltr'>LIB.</span> <span class='ocrx_word' id='word_1_5' title='bbox 1897 574 2126 644; x_wconf 89' lang='lat' dir='ltr'><strong>VIII.</strong></span> <span class='ocrx_word' id='word_1_6' title='bbox 2237 573 2384 673; x_wconf 78' lang='grc'>457</span> 
     </span>
    </p>
   </div>
   <div class='ocr_carea' id='block_1_2' title="bbox 244 703 2391 2398">
    <p class='ocr_par' dir='ltr' id='par_1_2' title="bbox 244 703 2391 2398">
     <span class='ocr_line' id='line_1_2' title="bbox 353 703 2390 802; baseline -0 -25"><span class='ocrx_word' id='word_1_7' title='bbox 353 710 601 778; x_wconf 77' lang='lat' dir='ltr'>XLIV.</span> <span class='ocrx_word' id='word_1_8' title='bbox 659 710 884 778; x_wconf 84' lang='lat' dir='ltr'>Caesar</span> <span class='ocrx_word' id='word_1_9' title='bbox 924 731 1133 802; x_wconf 91' lang='lat' dir='ltr'>quum</span> <span class='ocrx_word' id='word_1_10' title='bbox 1179 729 1366 774; x_wconf 83' lang='lat' dir='ltr'>suam</span> <span class='ocrx_word' id='word_1_11' title='bbox 1416 703 1752 774; x_wconf 85' lang='lat' dir='ltr'>lenitatem</span> <span class='ocrx_word' id='word_1_12' title='bbox 1792 706 2129 801; x_wconf 75' lang='lat' dir='ltr'>cognitam</span> <span class='ocrx_word' id='word_1_13' title='bbox 2178 710 2390 777; x_wconf 89' lang='lat' dir='ltr'>omni-</span> 
     </span>
     <span class='ocr_line' id='line_1_3' title="bbox 246 811 2391 909; baseline 0 -25"><span class='ocrx_word' id='word_1_14' title='bbox 246 814 373 884; x_wconf 92' lang='lat' dir='ltr'>bus</span> <span class='ocrx_word' id='word_1_15' title='bbox 418 816 616 884; x_wconf 90' lang='lat' dir='ltr'>sciret</span> <span class='ocrx_word' id='word_1_16' title='bbox 640 867 661 902; x_wconf 95' lang='lat'>,</span> <span class='ocrx_word' id='word_1_17' title='bbox 690 839 906 909; x_wconf 86' lang='lat' dir='ltr'>neque</span> <span class='ocrx_word' id='word_1_18' title='bbox 946 827 1289 882; x_wconf 78' lang='lat' dir='ltr'>vereretur</span> <span class='ocrx_word' id='word_1_19' title='bbox 1312 864 1331 899; x_wconf 99' lang='lat'>,</span> <span class='ocrx_word' id='word_1_20' title='bbox 1360 836 1444 880; x_wconf 90' lang='lat' dir='ltr'>ne</span> <span class='ocrx_word' id='word_1_21' title='bbox 1482 811 1643 905; x_wconf 91' lang='lat' dir='ltr'>quid</span> <span class='ocrx_word' id='word_1_22' title='bbox 1697 812 2081 883; x_wconf 86' lang='lat' dir='ltr'>crudelitate</span> <span class='ocrx_word' id='word_1_23' title='bbox 2137 829 2391 884; x_wconf 82' lang='lat' dir='ltr'>naturae</span> 
     </span>
     <span class='ocr_line' id='line_1_4' title="bbox 249 919 2389 1016; baseline 0 -27"><span class='ocrx_word' id='word_1_24' title='bbox 249 920 587 990; x_wconf 76' lang='lat' dir='ltr'>videretur</span> <span class='ocrx_word' id='word_1_25' title='bbox 619 923 914 1016; x_wconf 84' lang='lat' dir='ltr'>asperius</span> <span class='ocrx_word' id='word_1_26' title='bbox 952 919 1182 989; x_wconf 85' lang='lat' dir='ltr'>fecisse</span> <span class='ocrx_word' id='word_1_27' title='bbox 1205 973 1225 1007; x_wconf 90' lang='lat'>,</span> <span class='ocrx_word' id='word_1_28' title='bbox 1255 943 1469 1012; x_wconf 82' lang='lat' dir='ltr'>neque</span> <span class='ocrx_word' id='word_1_29' title='bbox 1498 919 1750 986; x_wconf 83' lang='lat' dir='ltr'>exitum</span> <span class='ocrx_word' id='word_1_30' title='bbox 1776 919 2199 989; x_wconf 88' lang='lat' dir='ltr'>consiliorum</span> <span class='ocrx_word' id='word_1_31' title='bbox 2239 946 2389 991; x_wconf 90' lang='lat' dir='ltr'>suo·</span> 
     </span>
     <span class='ocr_line' id='line_1_5' title="bbox 247 1020 2389 1122; baseline 0 -26"><span class='ocrx_word' id='word_1_32' title='bbox 247 1052 402 1096; x_wconf 89' lang='lat' dir='ltr'>rum</span> <span class='ocrx_word' id='word_1_33' title='bbox 434 1020 1033 1115; x_wconf 84' lang='lat' dir='ltr'>animadverteret,</span> <span class='ocrx_word' id='word_1_34' title='bbox 1064 1029 1118 1096; x_wconf 85' lang='lat' dir='ltr'>si</span> <span class='ocrx_word' id='word_1_35' title='bbox 1147 1024 1262 1095; x_wconf 90' lang='lat' dir='ltr'>tali</span> <span class='ocrx_word' id='word_1_36' title='bbox 1296 1026 1571 1094; x_wconf 87' lang='lat' dir='ltr'>ratione</span> <span class='ocrx_word' id='word_1_37' title='bbox 1581 1024 1896 1095; x_wconf 76' lang='lat' dir='ltr'>diversis&#39;</span> <span class='ocrx_word' id='word_1_38' title='bbox 1877 1051 1949 1095; x_wconf 88' lang='grc' dir='ltr'>ιιι</span> <span class='ocrx_word' id='word_1_39' title='bbox 1974 1025 2136 1096; x_wconf 86' lang='lat' dir='ltr'>locis</span> <span class='ocrx_word' id='word_1_40' title='bbox 2167 1025 2389 1122; x_wconf 84' lang='lat' dir='ltr'>plures</span> 
     </span>
     <span class='ocr_line' id='line_1_6' title="bbox 250 1129 2389 1250; baseline -0 -46"><span class='ocrx_word' id='word_1_41' title='bbox 250 1132 570 1204; x_wconf 81' lang='lat' dir='ltr'>rebellare</span> <span class='ocrx_word' id='word_1_42' title='bbox 597 1133 868 1203; x_wconf 89' lang='lat' dir='ltr'>consilia</span> <span class='ocrx_word' id='word_1_43' title='bbox 911 1131 1249 1202; x_wconf 83' lang='lat' dir='ltr'>inissent¹·</span> <span class='ocrx_word' id='word_1_44' title='bbox 1232 1129 1585 1226; x_wconf 85' lang='lat' dir='ltr'>,exemplo</span> <span class='ocrx_word' id='word_1_45' title='bbox 1628 1130 1931 1250; x_wconf 88' lang='lat' dir='ltr'>supplicii</span> <span class='ocrx_word' id='word_1_46' title='bbox 1962 1132 2389 1203; x_wconf 82' lang='lat' dir='ltr'>deterrendos</span> 
     </span>
     <span class='ocr_line' id='line_1_7' title="bbox 249 1236 2388 1341; baseline 0 -33"><span class='ocrx_word' id='word_1_47' title='bbox 249 1239 537 1335; x_wconf 89' lang='lat' dir='ltr'>reliquos</span> <span class='ocrx_word' id='word_1_48' title='bbox 580 1242 992 1310; x_wconf 75' lang='lat' dir='ltr'>existimavit.</span> <span class='ocrx_word' id='word_1_49' title='bbox 1031 1242 1265 1332; x_wconf 80' lang='lat' dir='ltr'>Itaque</span> <span class='ocrx_word' id='word_1_50' title='bbox 1305 1236 1617 1307; x_wconf 89' lang='lat' dir='ltr'>omnibus</span> <span class='ocrx_word' id='word_1_51' title='bbox 1667 1240 1781 1341; x_wconf 82' lang='lat' dir='ltr'>qui</span> <span class='ocrx_word' id='word_1_52' title='bbox 1822 1263 2009 1308; x_wconf 88' lang='lat' dir='ltr'>arma</span> <span class='ocrx_word' id='word_1_53' title='bbox 2055 1239 2388 1330; x_wconf 86' lang='lat' dir='ltr'>tulerant,</span> 
     </span>
     <span class='ocr_line' id='line_1_8' title="bbox 250 1346 2391 1442; baseline 0 -27"><span class='ocrx_word' id='word_1_54' title='bbox 250 1371 488 1415; x_wconf 86' lang='lat' dir='ltr'>manus</span> <span class='ocrx_word' id='word_1_55' title='bbox 515 1346 849 1441; x_wconf 75' lang='lat' dir='ltr'>praecidit3</span> <span class='ocrx_word' id='word_1_56' title='bbox 877 1349 1082 1416; x_wconf 75' lang='lat' dir='ltr'>vitam</span> <span class='ocrx_word' id='word_1_57' title='bbox 1113 1347 1476 1433; x_wconf 85' lang='lat' dir='ltr'>concessit,</span> <span class='ocrx_word' id='word_1_58' title='bbox 1505 1369 1642 1439; x_wconf 91' lang='lat' dir='ltr'>quo</span> <span class='ocrx_word' id='word_1_59' title='bbox 1671 1348 1970 1414; x_wconf 85' lang='lat' dir='ltr'>testatior</span> <span class='ocrx_word' id='word_1_60' title='bbox 1994 1361 2166 1416; x_wconf 87' lang='lat' dir='ltr'>esset</span> <span class='ocrx_word' id='word_1_61' title='bbox 2192 1370 2391 1442; x_wconf 89' lang='lat' dir='ltr'>poena</span> 
     </span>
     <span class='ocr_line' id='line_1_9' title="bbox 247 1438 2390 1548; baseline 0 -27"><span class='ocrx_word' id='word_1_62' title='bbox 247 1453 728 1548; x_wconf 86' lang='lat' dir='ltr'>improborum.</span> <span class='ocrx_word' id='word_1_63' title='bbox 789 1438 1147 1548; x_wconf 84' lang='lat' dir='ltr'>Drappes,</span> <span class='ocrx_word' id='word_1_64' title='bbox 1204 1475 1402 1546; x_wconf 90' lang='lat' dir='ltr'>quem</span> <span class='ocrx_word' id='word_1_65' title='bbox 1467 1465 1738 1546; x_wconf 87' lang='lat' dir='ltr'>captum</span> <span class='ocrx_word' id='word_1_66' title='bbox 1793 1476 1937 1521; x_wconf 87' lang='lat' dir='ltr'>esse</span> <span class='ocrx_word' id='word_1_67' title='bbox 1994 1475 2035 1520; x_wconf 88' lang='lat' dir='ltr'>a</span> <span class='ocrx_word' id='word_1_68' title='bbox 2108 1454 2390 1522; x_wconf 90' lang='lat' dir='ltr'>Caninio</span> 
     </span>
     <span class='ocr_line' id='line_1_10' title="bbox 248 1555 2391 1657; baseline 0 -30"><span class='ocrx_word' id='word_1_69' title='bbox 248 1558 489 1648; x_wconf 88' lang='lat' dir='ltr'>docui,</span> <span class='ocrx_word' id='word_1_70' title='bbox 515 1562 651 1629; x_wconf 80' lang='lat' dir='ltr'>sive</span> <span class='ocrx_word' id='word_1_71' title='bbox 688 1556 1111 1657; x_wconf 84' lang='lat' dir='ltr'>indignitate²</span> <span class='ocrx_word' id='word_1_72' title='bbox 1147 1572 1214 1627; x_wconf 89' lang='lat' dir='ltr'>et</span> <span class='ocrx_word' id='word_1_73' title='bbox 1237 1556 1466 1626; x_wconf 88' lang='lat' dir='ltr'>dolore</span> <span class='ocrx_word' id='word_1_74' title='bbox 1498 1555 1954 1645; x_wconf 84' lang='lat' dir='ltr'>vinculorum,</span> <span class='ocrx_word' id='word_1_75' title='bbox 1986 1560 2124 1627; x_wconf 88' lang='lat' dir='ltr'>sive</span> <span class='ocrx_word' id='word_1_76' title='bbox 2154 1560 2391 1628; x_wconf 88' lang='lat' dir='ltr'>timore</span> 
     </span>
     <span class='ocr_line' id='line_1_11' title="bbox 248 1611 2388 1761; baseline -0 -27"><span class='ocrx_word' id='word_1_77' title='bbox 248 1668 572 1760; x_wconf 83' lang='lat' dir='ltr'>gravioris</span> <span class='ocrx_word' id='word_1_78' title='bbox 613 1665 959 1761; x_wconf 82' lang='lat' dir='ltr'>supplicii,</span> <span class='ocrx_word' id='word_1_79' title='bbox 996 1667 1223 1761; x_wconf 84' lang='lat' dir='ltr'>paucis</span> <span class='ocrx_word' id='word_1_80' title='bbox 1265 1664 1498 1734; x_wconf 86' lang='lat' dir='ltr'>diebus</span> <span class='ocrx_word' id='word_1_81' title='bbox 1533 1688 1675 1734; x_wconf 88' lang='lat' dir='ltr'>sese</span> <span class='ocrx_word' id='word_1_82' title='bbox 1708 1664 1859 1734; x_wconf 89' lang='lat' dir='ltr'>cibo</span> <span class='ocrx_word' id='word_1_83' title='bbox 1890 1611 2260 1751; x_wconf 40' lang='lat' dir='ltr'>abstinuitss</span> <span class='ocrx_word' id='word_1_84' title='bbox 2290 1680 2388 1734; x_wconf 90' lang='lat' dir='ltr'>at-</span> 
     </span>
     <span class='ocr_line' id='line_1_12' title="bbox 251 1754 2388 1891; baseline -0.001 -50"><span class='ocrx_word' id='word_1_85' title='bbox 251 1796 380 1891; x_wconf 80' lang='lat' dir='ltr'>que</span> <span class='ocrx_word' id='word_1_86' title='bbox 416 1775 508 1841; x_wconf 88' lang='lat' dir='ltr'>ita</span> <span class='ocrx_word' id='word_1_87' title='bbox 546 1774 808 1841; x_wconf 86' lang='lat' dir='ltr'>interiit.</span> <span class='ocrx_word' id='word_1_88' title='bbox 854 1772 1109 1841; x_wconf 89' lang='lat' dir='ltr'>Eodem</span> <span class='ocrx_word' id='word_1_89' title='bbox 1151 1786 1451 1865; x_wconf 86' lang='lat' dir='ltr'>tempore</span> <span class='ocrx_word' id='word_1_90' title='bbox 1494 1754 1876 1858; x_wconf 78' lang='lat' dir='ltr'>Lucterius,</span> <span class='ocrx_word' id='word_1_91' title='bbox 1917 1795 2116 1867; x_wconf 83' lang='lat' dir='ltr'>quem</span> <span class='ocrx_word' id='word_1_92' title='bbox 2159 1771 2388 1866; x_wconf 82' lang='lat' dir='ltr'>profu·</span> 
     </span>
     <span class='ocr_line' id='line_1_13' title="bbox 249 1878 2389 1997; baseline -0.001 -49"><span class='ocrx_word' id='word_1_93' title='bbox 249 1880 419 1973; x_wconf 85' lang='lat' dir='ltr'>gisse</span> <span class='ocrx_word' id='word_1_94' title='bbox 442 1903 523 1947; x_wconf 84' lang='lat' dir='ltr'>ex</span> <span class='ocrx_word' id='word_1_95' title='bbox 552 1878 778 1975; x_wconf 82' lang='lat' dir='ltr'>praelio</span> <span class='ocrx_word' id='word_1_96' title='bbox 812 1880 1082 1974; x_wconf 88' lang='lat' dir='ltr'>scripsi,</span> <span class='ocrx_word' id='word_1_97' title='bbox 1110 1902 1314 1997; x_wconf 84' lang='lat' dir='ltr'>quum</span> <span class='ocrx_word' id='word_1_98' title='bbox 1355 1880 1426 1969; x_wconf 80' lang='lat' dir='ltr'>in</span> <span class='ocrx_word' id='word_1_99' title='bbox 1448 1891 1841 1973; x_wconf 87' lang='lat' dir='ltr'>potestatem</span> <span class='ocrx_word' id='word_1_100' title='bbox 1865 1879 2152 1951; x_wconf 84' lang='lat' dir='ltr'>venisset</span> <span class='ocrx_word' id='word_1_101' title='bbox 2182 1880 2389 1973; x_wconf 84' lang='lat' dir='ltr'>Epas-</span> 
     </span>
     <span class='ocr_line' id='line_1_14' title="bbox 247 1977 2391 2073; baseline 0 -21"><span class='ocrx_word' id='word_1_102' title='bbox 247 1986 426 2055; x_wconf 87' lang='lat' dir='ltr'>nacti</span> <span class='ocrx_word' id='word_1_103' title='bbox 485 1987 766 2054; x_wconf 81' lang='lat' dir='ltr'>Arverni</span> <span class='ocrx_word' id='word_1_104' title='bbox 784 2038 807 2073; x_wconf 95' lang='lat'>,</span> <span class='ocrx_word' id='word_1_105' title='bbox 859 1977 1154 2073; x_wconf 83' lang='lat' dir='ltr'>(crebro</span> <span class='ocrx_word' id='word_1_106' title='bbox 1194 1985 1370 2053; x_wconf 86' lang='lat' dir='ltr'>enim</span> <span class='ocrx_word' id='word_1_107' title='bbox 1412 1982 1743 2054; x_wconf 74' lang='lat' dir='ltr'>mutandis</span> <span class='ocrx_word' id='word_1_108' title='bbox 1792 1982 1988 2072; x_wconf 73' lang='lat' dir='ltr'>lociS,</span> <span class='ocrx_word' id='word_1_109' title='bbox 2026 1983 2391 2053; x_wconf 86' lang='lat' dir='ltr'>multorum</span> 
     </span>
     <span class='ocr_line' id='line_1_15' title="bbox 247 2089 2388 2186; baseline 0 -27"><span class='ocrx_word' id='word_1_110' title='bbox 247 2089 402 2160; x_wconf 85' lang='lat' dir='ltr'>fidei</span> <span class='ocrx_word' id='word_1_111' title='bbox 434 2116 503 2160; x_wconf 86' lang='lat' dir='ltr'>se</span> <span class='ocrx_word' id='word_1_112' title='bbox 540 2090 1033 2180; x_wconf 79' lang='lat' dir='ltr'>committebat,</span> <span class='ocrx_word' id='word_1_113' title='bbox 1068 2090 1246 2186; x_wconf 91' lang='lat' dir='ltr'>quod</span> <span class='ocrx_word' id='word_1_114' title='bbox 1282 2114 1610 2184; x_wconf 80' lang='lat' dir='ltr'>nusquam</span> <span class='ocrx_word' id='word_1_115' title='bbox 1644 2089 1889 2160; x_wconf 86' lang='lat' dir='ltr'>diutius</span> <span class='ocrx_word' id='word_1_116' title='bbox 1918 2093 2058 2160; x_wconf 88' lang='lat' dir='ltr'>sine</span> <span class='ocrx_word' id='word_1_117' title='bbox 2093 2089 2388 2185; x_wconf 87' lang='lat' dir='ltr'>periculo</span> 
     </span>
     <span class='ocr_line' id='line_1_16' title="bbox 247 2196 2386 2292; baseline 0 -27"><span class='ocrx_word' id='word_1_118' title='bbox 247 2213 780 2267; x_wconf 87' lang='lat' dir='ltr'>commoraturus</span> <span class='ocrx_word' id='word_1_119' title='bbox 819 2197 1168 2267; x_wconf 82' lang='lat' dir='ltr'>videbatur</span> <span class='ocrx_word' id='word_1_120' title='bbox 1188 2250 1207 2285; x_wconf 91' lang='lat'>,</span> <span class='ocrx_word' id='word_1_121' title='bbox 1229 2219 1437 2292; x_wconf 90' lang='lat' dir='ltr'>quum</span> <span class='ocrx_word' id='word_1_122' title='bbox 1463 2196 1585 2266; x_wconf 83' lang='lat' dir='ltr'>sibi</span> <span class='ocrx_word' id='word_1_123' title='bbox 1614 2198 1914 2266; x_wconf 89' lang='lat' dir='ltr'>conscius</span> <span class='ocrx_word' id='word_1_124' title='bbox 1949 2212 2159 2284; x_wconf 85' lang='lat' dir='ltr'>esset,</span> <span class='ocrx_word' id='word_1_125' title='bbox 2186 2221 2386 2291; x_wconf 88' lang='lat' dir='ltr'>quam</span> 
     </span>
     <span class='ocr_line' id='line_1_17' title="bbox 244 2296 2388 2398; baseline 0 -26"><span class='ocrx_word' id='word_1_126' title='bbox 244 2305 586 2374; x_wconf 86' lang='lat' dir='ltr'>inimicum</span> <span class='ocrx_word' id='word_1_127' title='bbox 640 2304 912 2374; x_wconf 87' lang='lat' dir='ltr'>deberet</span> <span class='ocrx_word' id='word_1_128' title='bbox 967 2306 1300 2374; x_wconf 80' lang='lat' dir='ltr'>Caesarem</span> <span class='ocrx_word' id='word_1_129' title='bbox 1347 2302 1596 2372; x_wconf 89' lang='lat' dir='ltr'>habere</span> <span class='ocrx_word' id='word_1_130' title='bbox 1616 2356 1637 2391; x_wconf 91' lang='lat'><strong><em>‚</em></strong></span> <span class='ocrx_word' id='word_1_131' title='bbox 1673 2296 1704 2392; x_wconf 89' lang='lat'>)</span> <span class='ocrx_word' id='word_1_132' title='bbox 1728 2303 1923 2372; x_wconf 93' lang='lat' dir='ltr'>hunc</span> <span class='ocrx_word' id='word_1_133' title='bbox 1973 2305 2388 2398; x_wconf 82' lang='lat' dir='ltr'>Epasnactus</span> 
     </span>
    </p>
   </div>
   <div class='ocr_carea' id='block_1_3' title="bbox 243 2483 1290 2641">
    <p class='ocr_par' dir='ltr' id='par_1_3' title="bbox 243 2483 1290 2641">
     <span class='ocr_line' id='line_1_18' title="bbox 243 2483 1290 2551; baseline -0.001 -11"><span class='ocrx_word' id='word_1_134' title='bbox 243 2488 440 2541; x_wconf 81' lang='lat' dir='ltr'>deorum</span> <span class='ocrx_word' id='word_1_135' title='bbox 480 2488 745 2541; x_wconf 70' lang='lat' dir='ltr'>voluntate.</span> <span class='ocrx_word' id='word_1_136' title='bbox 779 2488 1046 2541; x_wconf 82' lang='lat' dir='ltr'>Nimirum</span> <span class='ocrx_word' id='word_1_137' title='bbox 1074 2499 1185 2551; x_wconf 83' lang='lat' dir='ltr'>erat</span> <span class='ocrx_word' id='word_1_138' title='bbox 1215 2483 1290 2539; x_wconf 67' lang='lat' dir='ltr'>iu&#39;</span> 
     </span>
     <span class='ocr_line' id='line_1_19' title="bbox 247 2568 1272 2641; baseline -0.001 -19"><span class='ocrx_word' id='word_1_139' title='bbox 247 2568 442 2622; x_wconf 86' lang='lat' dir='ltr'>talibus</span> <span class='ocrx_word' id='word_1_140' title='bbox 466 2568 824 2641; x_wconf 77' lang='lat' dir='ltr'>superstitiosa</span> <span class='ocrx_word' id='word_1_141' title='bbox 845 2568 1126 2640; x_wconf 79' lang='lat' dir='ltr'>antiquitas</span> <span class='ocrx_word' id='word_1_142' title='bbox 1142 2586 1156 2621; x_wconf 75' lang='grc' dir='ltr'><em>τ</em></span> <span class='ocrx_word' id='word_1_143' title='bbox 1171 2586 1272 2621; x_wconf 91' lang='lat' dir='ltr'>nec</span> 
     </span>
    </p>
   </div>
   <div class='ocr_carea' id='block_1_4' title="bbox 1357 2484 2389 2638">
    <p class='ocr_par' dir='ltr' id='par_1_4' title="bbox 1357 2484 2389 2638">
     <span class='ocr_line' id='line_1_20' title="bbox 1360 2484 2389 2558; baseline 0.005 -23"><span class='ocrx_word' id='word_1_144' title='bbox 1360 2486 1560 2536; x_wconf 80' lang='lat' dir='ltr'>consilia</span> <span class='ocrx_word' id='word_1_145' title='bbox 1587 2488 1798 2539; x_wconf 65' lang='lat' dir='ltr'>imksent.</span> <span class='ocrx_word' id='word_1_146' title='bbox 1828 2484 2002 2540; x_wconf 84' lang='lat' dir='ltr'>Codd.</span> <span class='ocrx_word' id='word_1_147' title='bbox 2038 2504 2160 2558; x_wconf 82' lang='lat' dir='ltr'>pars</span> <span class='ocrx_word' id='word_1_148' title='bbox 2186 2487 2348 2540; x_wconf 80' lang='lat' dir='ltr'>altera</span> <span class='ocrx_word' id='word_1_149' title='bbox 2370 2492 2389 2526; x_wconf 80' lang='lat'>·‘</span> 
     </span>
     <span class='ocr_line' id='line_1_21' title="bbox 1357 2566 2388 2638; baseline 0.003 -21"><span class='ocrx_word' id='word_1_150' title='bbox 1357 2566 1522 2637; x_wconf 75' lang='lat' dir='ltr'>plus-es</span> <span class='ocrx_word' id='word_1_151' title='bbox 1544 2566 1745 2619; x_wconf 75' lang='lat' dir='ltr'>consilia</span> <span class='ocrx_word' id='word_1_152' title='bbox 1764 2569 1972 2619; x_wconf 76' lang='lat' dir='ltr'>inissent.</span> <span class='ocrx_word' id='word_1_153' title='bbox 2000 2566 2178 2620; x_wconf 84' lang='lat' dir='ltr'>Altera</span> <span class='ocrx_word' id='word_1_154' title='bbox 2193 2606 2210 2633; x_wconf 93' lang='lat'>,</span> <span class='ocrx_word' id='word_1_155' title='bbox 2225 2567 2388 2638; x_wconf 71' lang='lat' dir='ltr'>plures</span> 
     </span>
    </p>
   </div>
   <div class='ocr_carea' id='block_1_5' title="bbox 229 2648 1273 4378">
    <p class='ocr_par' dir='ltr' id='par_1_5' title="bbox 229 2648 1273 4314">
     <span class='ocr_line' id='line_1_22' title="bbox 248 2648 1272 2719; baseline -0.001 -18"><span class='ocrx_word' id='word_1_156' title='bbox 248 2660 448 2702; x_wconf 84' lang='lat' dir='ltr'>temere</span> <span class='ocrx_word' id='word_1_157' title='bbox 495 2649 665 2701; x_wconf 85' lang='lat' dir='ltr'>fontes</span> <span class='ocrx_word' id='word_1_158' title='bbox 706 2662 796 2702; x_wconf 87' lang='lat' dir='ltr'>aut</span> <span class='ocrx_word' id='word_1_159' title='bbox 838 2666 1015 2701; x_wconf 85' lang='lat' dir='ltr'>amnes</span> <span class='ocrx_word' id='word_1_160' title='bbox 1028 2686 1046 2713; x_wconf 93' lang='lat'>,</span> <span class='ocrx_word' id='word_1_161' title='bbox 1077 2648 1272 2719; x_wconf 85' lang='lat' dir='ltr'>quibus</span> 
     </span>
     <span class='ocr_line' id='line_1_23' title="bbox 247 2725 1272 2801; baseline -0.001 -20"><span class='ocrx_word' id='word_1_162' title='bbox 247 2726 453 2801; x_wconf 75' lang='lat' dir='ltr'>aliquid</span> <span class='ocrx_word' id='word_1_163' title='bbox 468 2726 713 2782; x_wconf 82' lang='lat' dir='ltr'>divinum</span> <span class='ocrx_word' id='word_1_164' title='bbox 742 2731 909 2781; x_wconf 86' lang='lat' dir='ltr'>inesse</span> <span class='ocrx_word' id='word_1_165' title='bbox 938 2725 1272 2793; x_wconf 79' lang='lat' dir='ltr'>credebatur,</span> 
     </span>
     <span class='ocr_line' id='line_1_24' title="bbox 249 2806 1271 2880; baseline -0.002 -19"><span class='ocrx_word' id='word_1_166' title='bbox 249 2809 382 2879; x_wconf 81' lang='lat' dir='ltr'>quin</span> <span class='ocrx_word' id='word_1_167' title='bbox 427 2821 481 2862; x_wconf 87' lang='lat' dir='ltr'>et</span> <span class='ocrx_word' id='word_1_168' title='bbox 511 2828 613 2880; x_wconf 89' lang='lat' dir='ltr'>pro</span> <span class='ocrx_word' id='word_1_169' title='bbox 643 2806 747 2862; x_wconf 85' lang='lat' dir='ltr'>diis</span> <span class='ocrx_word' id='word_1_170' title='bbox 783 2808 1028 2860; x_wconf 85' lang='lat' dir='ltr'>colebant</span> <span class='ocrx_word' id='word_1_171' title='bbox 1041 2844 1057 2870; x_wconf 89' lang='lat'><strong>‚</strong></span> <span class='ocrx_word' id='word_1_172' title='bbox 1088 2808 1271 2860; x_wconf 78' lang='lat' dir='ltr'>sistere</span> 
     </span>
     <span class='ocr_line' id='line_1_25' title="bbox 245 2886 1272 2954; baseline -0.001 -14"><span class='ocrx_word' id='word_1_173' title='bbox 245 2907 481 2954; x_wconf 87' lang='lat' dir='ltr'>cursum,</span> <span class='ocrx_word' id='word_1_174' title='bbox 490 2901 581 2942; x_wconf 87' lang='lat' dir='ltr'>aut</span> <span class='ocrx_word' id='word_1_175' title='bbox 591 2889 805 2942; x_wconf 85' lang='lat' dir='ltr'>solitum</span> <span class='ocrx_word' id='word_1_176' title='bbox 816 2886 1055 2940; x_wconf 84' lang='lat' dir='ltr'>deserere</span> <span class='ocrx_word' id='word_1_177' title='bbox 1063 2888 1272 2940; x_wconf 82' lang='lat' dir='ltr'>alveum</span> 
     </span>
     <span class='ocr_line' id='line_1_26' title="bbox 246 2965 1268 3040; baseline -0.003 -20"><span class='ocrx_word' id='word_1_178' title='bbox 246 2968 521 3040; x_wconf 82' lang='lat' dir='ltr'>putabant.</span> <span class='ocrx_word' id='word_1_179' title='bbox 543 2968 682 3021; x_wconf 82' lang='lat' dir='ltr'>Hinc</span> <span class='ocrx_word' id='word_1_180' title='bbox 714 2965 852 3040; x_wconf 84' lang='lat' dir='ltr'>apud</span> <span class='ocrx_word' id='word_1_181' title='bbox 881 2968 1050 3019; x_wconf 86' lang='lat' dir='ltr'>Tacit.</span> <span class='ocrx_word' id='word_1_182' title='bbox 1068 3003 1085 3031; x_wconf 86' lang='lat'>,</span> <span class='ocrx_word' id='word_1_183' title='bbox 1105 2967 1142 3020; x_wconf 90' lang='lat' dir='ltr'>l.</span> <span class='ocrx_word' id='word_1_184' title='bbox 1162 2984 1268 3032; x_wconf 87' lang='lat' dir='ltr'>1,c.</span> 
     </span>
     <span class='ocr_line' id='line_1_27' title="bbox 251 3047 1271 3119; baseline -0.004 -18"><span class='ocrx_word' id='word_1_185' title='bbox 251 3066 328 3118; x_wconf 88' lang='lat'>79</span> <span class='ocrx_word' id='word_1_186' title='bbox 341 3085 360 3112; x_wconf 78' lang='lat'><em>‚</em></span> <span class='ocrx_word' id='word_1_187' title='bbox 379 3049 662 3101; x_wconf 79' lang='lat' dir='ltr'>Annalium</span> <span class='ocrx_word' id='word_1_188' title='bbox 675 3085 691 3114; x_wconf 92' lang='lat'>,</span> <span class='ocrx_word' id='word_1_189' title='bbox 704 3066 872 3119; x_wconf 86' lang='lat' dir='ltr'>quum</span> <span class='ocrx_word' id='word_1_190' title='bbox 887 3047 943 3099; x_wconf 90' lang='lat' dir='ltr'>in</span> <span class='ocrx_word' id='word_1_191' title='bbox 955 3058 1138 3099; x_wconf 87' lang='lat' dir='ltr'>senatu</span> <span class='ocrx_word' id='word_1_192' title='bbox 1154 3064 1271 3116; x_wconf 77' lang='lat' dir='ltr'>age-</span> 
     </span>
     <span class='ocr_line' id='line_1_28' title="bbox 246 3125 1272 3197; baseline -0.003 -17"><span class='ocrx_word' id='word_1_193' title='bbox 246 3140 399 3180; x_wconf 84' lang='lat' dir='ltr'>retur</span> <span class='ocrx_word' id='word_1_194' title='bbox 421 3126 490 3181; x_wconf 88' lang='lat' dir='ltr'>de</span> <span class='ocrx_word' id='word_1_195' title='bbox 506 3125 803 3181; x_wconf 76' lang='lat' dir='ltr'>avertendis</span> <span class='ocrx_word' id='word_1_196' title='bbox 826 3125 1158 3190; x_wconf 85' lang='lat' dir='ltr'>fluminibus,</span> <span class='ocrx_word' id='word_1_197' title='bbox 1176 3144 1272 3197; x_wconf 88' lang='lat' dir='ltr'>per</span> 
     </span>
     <span class='ocr_line' id='line_1_29' title="bbox 248 3205 1272 3278; baseline -0.003 -19"><span class='ocrx_word' id='word_1_198' title='bbox 248 3224 369 3278; x_wconf 64' lang='lat' dir='ltr'>quo</span> <span class='ocrx_word' id='word_1_199' title='bbox 398 3208 608 3261; x_wconf 89' lang='lat' dir='ltr'>Tiberis</span> <span class='ocrx_word' id='word_1_200' title='bbox 637 3207 894 3278; x_wconf 75' lang='lat' dir='ltr'>augescit,</span> <span class='ocrx_word' id='word_1_201' title='bbox 921 3224 1030 3276; x_wconf 88' lang='lat' dir='ltr'>quo</span> <span class='ocrx_word' id='word_1_202' title='bbox 1060 3205 1272 3257; x_wconf 79' lang='lat' dir='ltr'>obviam</span> 
     </span>
     <span class='ocr_line' id='line_1_30' title="bbox 245 3284 1271 3358; baseline -0.001 -19"><span class='ocrx_word' id='word_1_203' title='bbox 245 3287 417 3339; x_wconf 85' lang='lat' dir='ltr'>iretur</span> <span class='ocrx_word' id='word_1_204' title='bbox 446 3288 644 3340; x_wconf 84' lang='lat' dir='ltr'>crebris</span> <span class='ocrx_word' id='word_1_205' title='bbox 669 3289 781 3358; x_wconf 84' lang='lat' dir='ltr'>ejus</span> <span class='ocrx_word' id='word_1_206' title='bbox 806 3284 1239 3339; x_wconf 87' lang='lat' dir='ltr'>inundationibus</span> <span class='ocrx_word' id='word_1_207' title='bbox 1253 3324 1271 3351; x_wconf 87' lang='lat'>,</span> 
     </span>
     <span class='ocr_line' id='line_1_31' title="bbox 248 3364 1273 3437; baseline -0.004 -18"><span class='ocrx_word' id='word_1_208' title='bbox 248 3364 496 3420; x_wconf 82' lang='lat' dir='ltr'>dictitant</span> <span class='ocrx_word' id='word_1_209' title='bbox 507 3367 981 3437; x_wconf 65' lang='lat' dir='ltr'>Rafiah-:Optime</span> <span class='ocrx_word' id='word_1_210' title='bbox 1006 3364 1141 3417; x_wconf 76' lang='lat' dir='ltr'>rebus</span> <span class='ocrx_word' id='word_1_211' title='bbox 1151 3384 1273 3417; x_wconf 64' lang='grc' dir='ltr'>ποι·-</span> 
     </span>
     <span class='ocr_line' id='line_1_32' title="bbox 249 3446 1271 3518; baseline -0.002 -20"><span class='ocrx_word' id='word_1_212' title='bbox 249 3446 419 3498; x_wconf 75' lang='lat' dir='ltr'>talc&#39;um</span> <span class='ocrx_word' id='word_1_213' title='bbox 449 3447 736 3499; x_wconf 74' lang='lat' dir='ltr'>consuluisse</span> <span class='ocrx_word' id='word_1_214' title='bbox 764 3458 985 3498; x_wconf 79' lang='lat' dir='ltr'>naturam</span> <span class='ocrx_word' id='word_1_215' title='bbox 999 3485 1015 3508; x_wconf 92' lang='lat'>,</span> <span class='ocrx_word' id='word_1_216' title='bbox 1047 3464 1155 3518; x_wconf 79' lang='lat' dir='ltr'>quoe</span> <span class='ocrx_word' id='word_1_217' title='bbox 1183 3464 1271 3497; x_wconf 78' lang='lat' dir='ltr'>sua</span> 
     </span>
     <span class='ocr_line' id='line_1_33' title="bbox 245 3526 1270 3597; baseline 0 -21"><span class='ocrx_word' id='word_1_218' title='bbox 245 3545 336 3576; x_wconf 79' lang='lat' dir='ltr'>om</span> <span class='ocrx_word' id='word_1_219' title='bbox 345 3526 628 3597; x_wconf 75' lang='lat' dir='ltr'>flminibus</span> <span class='ocrx_word' id='word_1_220' title='bbox 639 3565 655 3588; x_wconf 91' lang='lat'>,</span> <span class='ocrx_word' id='word_1_221' title='bbox 675 3545 785 3578; x_wconf 77' lang='lat' dir='ltr'>suos</span> <span class='ocrx_word' id='word_1_222' title='bbox 800 3545 961 3577; x_wconf 78' lang='lat' dir='ltr'>cursus</span> <span class='ocrx_word' id='word_1_223' title='bbox 973 3566 988 3587; x_wconf 89' lang='lat'>,</span> <span class='ocrx_word' id='word_1_224' title='bbox 1015 3537 1157 3596; x_wconf 79' lang='lat' dir='ltr'>utque</span> <span class='ocrx_word' id='word_1_225' title='bbox 1170 3529 1270 3576; x_wconf 78' lang='lat' dir='ltr'>ori-</span> 
     </span>
     <span class='ocr_line' id='line_1_34' title="bbox 242 3604 1271 3677; baseline 0 -21"><span class='ocrx_word' id='word_1_226' title='bbox 242 3608 404 3673; x_wconf 62' lang='lat' dir='ltr'>ginem</span> <span class='ocrx_word' id='word_1_227' title='bbox 417 3645 433 3668; x_wconf 85' lang='lat'>‚</span> <span class='ocrx_word' id='word_1_228' title='bbox 471 3611 542 3657; x_wconf 82' lang='lat' dir='ltr'>ita</span> <span class='ocrx_word' id='word_1_229' title='bbox 568 3605 697 3677; x_wconf 72' lang='lat' dir='ltr'>fines</span> <span class='ocrx_word' id='word_1_230' title='bbox 731 3604 931 3658; x_wconf 69' lang='lat' dir='ltr'>dedeo-it.</span> <span class='ocrx_word' id='word_1_231' title='bbox 977 3604 1271 3675; x_wconf 71' lang='lat' dir='ltr'>Spectandae</span> 
     </span>
     <span class='ocr_line' id='line_1_35' title="bbox 246 3686 1265 3757; baseline 0 -22"><span class='ocrx_word' id='word_1_232' title='bbox 246 3688 391 3738; x_wconf 62' lang='lat' dir='ltr'>etiam</span> <span class='ocrx_word' id='word_1_233' title='bbox 414 3686 666 3756; x_wconf 65' lang='lat' dir='ltr'>religiones</span> <span class='ocrx_word' id='word_1_234' title='bbox 694 3689 924 3738; x_wconf 76' lang='lat' dir='ltr'>sociorum</span> <span class='ocrx_word' id='word_1_235' title='bbox 937 3724 953 3746; x_wconf 86' lang='lat'><em>‚</em></span> <span class='ocrx_word' id='word_1_236' title='bbox 987 3688 1071 3757; x_wconf 77' lang='lat' dir='ltr'>qui</span> <span class='ocrx_word' id='word_1_237' title='bbox 1097 3703 1265 3747; x_wconf 79' lang='lat' dir='ltr'>sacra,</span> 
     </span>
     <span class='ocr_line' id='line_1_36' title="bbox 246 3763 1268 3837; baseline -0.003 -20"><span class='ocrx_word' id='word_1_238' title='bbox 246 3776 302 3817; x_wconf 74' lang='lat' dir='ltr'>et</span> <span class='ocrx_word' id='word_1_239' title='bbox 324 3765 454 3817; x_wconf 72' lang='grc' dir='ltr'>[ηοω</span> <span class='ocrx_word' id='word_1_240' title='bbox 467 3804 483 3827; x_wconf 83' lang='grc'><strong><em>,</em></strong></span> <span class='ocrx_word' id='word_1_241' title='bbox 517 3778 566 3816; x_wconf 78' lang='lat' dir='ltr'>et</span> <span class='ocrx_word' id='word_1_242' title='bbox 600 3785 714 3818; x_wconf 74' lang='lat' dir='ltr'>am</span> <span class='ocrx_word' id='word_1_243' title='bbox 741 3768 919 3837; x_wconf 75' lang='lat' dir='ltr'>patriis</span> <span class='ocrx_word' id='word_1_244' title='bbox 949 3763 1162 3815; x_wconf 76' lang='lat' dir='ltr'>amnibus</span> <span class='ocrx_word' id='word_1_245' title='bbox 1191 3764 1268 3815; x_wconf 78' lang='lat' dir='ltr'>di-</span> 
     </span>
     <span class='ocr_line' id='line_1_37' title="bbox 247 3840 1264 3916; baseline -0.002 -21"><span class='ocrx_word' id='word_1_246' title='bbox 247 3848 475 3898; x_wconf 72' lang='lat' dir='ltr'>oum-im.</span> <span class='ocrx_word' id='word_1_247' title='bbox 522 3845 655 3914; x_wconf 76' lang='lat' dir='ltr'>Quin</span> <span class='ocrx_word' id='word_1_248' title='bbox 679 3849 827 3916; x_wconf 76' lang='lat' dir='ltr'>ipsum</span> <span class='ocrx_word' id='word_1_249' title='bbox 875 3840 1081 3897; x_wconf 65' lang='lat' dir='ltr'>Tiberin·</span> <span class='ocrx_word' id='word_1_250' title='bbox 1111 3843 1264 3904; x_wconf 77' lang='lat' dir='ltr'>nolle,</span> 
     </span>
     <span class='ocr_line' id='line_1_38' title="bbox 239 3924 1270 3996; baseline -0.001 -20"><span class='ocrx_word' id='word_1_251' title='bbox 239 3943 441 3994; x_wconf 77' lang='lat' dir='ltr'>prorsus</span> <span class='ocrx_word' id='word_1_252' title='bbox 467 3925 642 3978; x_wconf 74' lang='lat' dir='ltr'>accolis</span> <span class='ocrx_word' id='word_1_253' title='bbox 645 3927 814 3996; x_wconf 72' lang='lat' dir='ltr'>fluviis</span> <span class='ocrx_word' id='word_1_254' title='bbox 840 3924 1076 3988; x_wconf 75' lang='lat' dir='ltr'>orbatum,</span> <span class='ocrx_word' id='word_1_255' title='bbox 1093 3926 1270 3975; x_wconf 75' lang='lat' dir='ltr'>minore</span> 
     </span>
     <span class='ocr_line' id='line_1_39' title="bbox 241 4004 1263 4077; baseline -0.003 -20"><span class='ocrx_word' id='word_1_256' title='bbox 241 4004 405 4073; x_wconf 72' lang='lat' dir='ltr'>gloria</span> <span class='ocrx_word' id='word_1_257' title='bbox 418 4006 594 4077; x_wconf 74' lang='lat' dir='ltr'>fluere.</span> <span class='ocrx_word' id='word_1_258' title='bbox 609 4032 631 4054; x_wconf 73' lang='grc' dir='ltr'>ι</span> <span class='ocrx_word' id='word_1_259' title='bbox 652 4006 750 4059; x_wconf 81' lang='lat' dir='ltr'>Seu</span> <span class='ocrx_word' id='word_1_260' title='bbox 765 4025 928 4076; x_wconf 75' lang='lat' dir='ltr'>preces</span> <span class='ocrx_word' id='word_1_261' title='bbox 946 4004 1235 4055; x_wconf 72' lang='lat' dir='ltr'>coloniae-mn</span> <span class='ocrx_word' id='word_1_262' title='bbox 1249 4042 1263 4066; x_wconf 85' lang='lat'>‚</span> 
     </span>
     <span class='ocr_line' id='line_1_40' title="bbox 229 4083 1270 4157; baseline -0.001 -21"><span class='ocrx_word' id='word_1_263' title='bbox 229 4103 331 4136; x_wconf 76' lang='lat' dir='ltr'>·seu</span> <span class='ocrx_word' id='word_1_264' title='bbox 350 4083 616 4156; x_wconf 67' lang='lat' dir='ltr'>difficultas</span> <span class='ocrx_word' id='word_1_265' title='bbox 637 4104 851 4157; x_wconf 77' lang='lat' dir='ltr'>operum,</span> <span class='ocrx_word' id='word_1_266' title='bbox 880 4087 975 4138; x_wconf 69' lang='lat' dir='ltr'>sive</span> <span class='ocrx_word' id='word_1_267' title='bbox 999 4086 1270 4154; x_wconf 56' lang='lat' dir='ltr'>superstitio</span> 
     </span>
     <span class='ocr_line' id='line_1_41' title="bbox 241 4163 1269 4226; baseline -0.001 -12"><span class='ocrx_word' id='word_1_268' title='bbox 241 4163 431 4226; x_wconf 72' lang='lat' dir='ltr'>valuit,</span> <span class='ocrx_word' id='word_1_269' title='bbox 458 4177 514 4217; x_wconf 77' lang='lat' dir='ltr'>ut</span> <span class='ocrx_word' id='word_1_270' title='bbox 537 4169 602 4217; x_wconf 67' lang='lat' dir='ltr'>»ia</span> <span class='ocrx_word' id='word_1_271' title='bbox 625 4169 902 4218; x_wconf 72' lang='lat' dir='ltr'>sententiam</span> <span class='ocrx_word' id='word_1_272' title='bbox 932 4164 1125 4216; x_wconf 77' lang='lat' dir='ltr'>Pisonis</span> <span class='ocrx_word' id='word_1_273' title='bbox 1153 4182 1269 4214; x_wconf 82' lang='lat' dir='ltr'>con·</span> 
     </span>
     <span class='ocr_line' id='line_1_42' title="bbox 246 4243 1266 4314; baseline 0.002 -19"><span class='ocrx_word' id='word_1_274' title='bbox 246 4243 514 4307; x_wconf 70' lang='lat' dir='ltr'>cederem,</span> <span class='ocrx_word' id='word_1_275' title='bbox 533 4249 616 4314; x_wconf 70' lang='lat' dir='ltr'>qus*</span> <span class='ocrx_word' id='word_1_276' title='bbox 632 4245 707 4297; x_wconf 74' lang='lat' dir='ltr'>nu</span> <span class='ocrx_word' id='word_1_277' title='bbox 718 4244 991 4297; x_wconf 66' lang='lat' dir='ltr'>mumadam</span> <span class='ocrx_word' id='word_1_278' title='bbox 1008 4254 1266 4297; x_wconf 74' lang='lat' dir='ltr'>censuerat.</span> 
     </span>
    </p>

    <p class='ocr_par' dir='ltr' id='par_1_6' title="bbox 329 4323 1270 4378">
     <span class='ocr_line' id='line_1_43' title="bbox 329 4323 1270 4378; baseline -0.002 0"><span class='ocrx_word' id='word_1_279' title='bbox 329 4323 457 4378; x_wconf 66' lang='lat' dir='ltr'>Car.</span> <span class='ocrx_word' id='word_1_280' title='bbox 504 4323 703 4378; x_wconf 83' lang='lat' dir='ltr'><strong>XLIV.</strong></span> <span class='ocrx_word' id='word_1_281' title='bbox 749 4344 796 4378; x_wconf 90' lang='lat'>1.</span> <span class='ocrx_word' id='word_1_282' title='bbox 839 4325 1011 4376; x_wconf 64' lang='lat' dir='ltr'>Plura</span> <span class='ocrx_word' id='word_1_283' title='bbox 1046 4323 1270 4376; x_wconf 72' lang='lat' dir='ltr'>rebellam</span> 
     </span>
    </p>
   </div>
   <div class='ocr_carea' id='block_1_6' title="bbox 1351 2645 2384 4377">
    <p class='ocr_par' dir='ltr' id='par_1_7' title="bbox 1355 2645 2384 2950">
     <span class='ocr_line' id='line_1_44' title="bbox 1358 2645 2381 2718; baseline 0.002 -20"><span class='ocrx_word' id='word_1_284' title='bbox 1358 2645 1589 2699; x_wconf 70' lang='lat' dir='ltr'>rebellare</span> <span class='ocrx_word' id='word_1_285' title='bbox 1613 2650 1872 2718; x_wconf 75' lang='lat' dir='ltr'>coepae&#39;ssent.</span> <span class='ocrx_word' id='word_1_286' title='bbox 1906 2647 1976 2701; x_wconf 84' lang='lat' dir='ltr'>Et</span> <span class='ocrx_word' id='word_1_287' title='bbox 1999 2665 2058 2699; x_wconf 90' lang='lat' dir='ltr'>ea</span> <span class='ocrx_word' id='word_1_288' title='bbox 2089 2647 2190 2700; x_wconf 82' lang='lat' dir='ltr'>fuit</span> <span class='ocrx_word' id='word_1_289' title='bbox 2218 2647 2381 2701; x_wconf 88' lang='lat' dir='ltr'>lectio</span> 
     </span>
     <span class='ocr_line' id='line_1_45' title="bbox 1357 2724 2384 2799; baseline 0.002 -21"><span class='ocrx_word' id='word_1_290' title='bbox 1357 2726 1581 2797; x_wconf 76' lang='lat' dir='ltr'>vulgata.</span> <span class='ocrx_word' id='word_1_291' title='bbox 1599 2724 1948 2798; x_wconf 83' lang='lat' dir='ltr'>Oudendorp.</span> <span class='ocrx_word' id='word_1_292' title='bbox 1964 2740 2250 2798; x_wconf 83' lang='lat' dir='ltr'>utrumque</span> <span class='ocrx_word' id='word_1_293' title='bbox 2261 2728 2384 2799; x_wconf 82' lang='lat' dir='ltr'>jun·</span> 
     </span>
     <span class='ocr_line' id='line_1_46' title="bbox 1355 2804 2378 2878; baseline 0.002 -20"><span class='ocrx_word' id='word_1_294' title='bbox 1355 2806 1452 2876; x_wconf 76' lang='lat' dir='ltr'>git,</span> <span class='ocrx_word' id='word_1_295' title='bbox 1470 2818 1531 2858; x_wconf 87' lang='lat' dir='ltr'>ut</span> <span class='ocrx_word' id='word_1_296' title='bbox 1544 2804 1613 2859; x_wconf 88' lang='lat' dir='ltr'>de</span> <span class='ocrx_word' id='word_1_297' title='bbox 1634 2806 1922 2859; x_wconf 86' lang='lat' dir='ltr'>rebellione</span> <span class='ocrx_word' id='word_1_298' title='bbox 1934 2805 2134 2878; x_wconf 81' lang='lat' dir='ltr'>aliquid</span> <span class='ocrx_word' id='word_1_299' title='bbox 2151 2805 2378 2861; x_wconf 87' lang='lat' dir='ltr'>dicatur.</span> 
     </span>
     <span class='ocr_line' id='line_1_47' title="bbox 1357 2883 2379 2950; baseline 0.006 -15"><span class='ocrx_word' id='word_1_300' title='bbox 1357 2883 1409 2935; x_wconf 86' lang='lat' dir='ltr'>N</span> <span class='ocrx_word' id='word_1_301' title='bbox 1410 2903 1481 2937; x_wconf 87' lang='lat' dir='ltr'>on</span> <span class='ocrx_word' id='word_1_302' title='bbox 1498 2886 1634 2938; x_wconf 84' lang='lat' dir='ltr'>male</span> <span class='ocrx_word' id='word_1_303' title='bbox 1647 2898 1807 2950; x_wconf 82' lang='lat' dir='ltr'>certe,</span> <span class='ocrx_word' id='word_1_304' title='bbox 1820 2885 1913 2938; x_wconf 89' lang='lat' dir='ltr'>sed</span> <span class='ocrx_word' id='word_1_305' title='bbox 1924 2886 2038 2939; x_wconf 87' lang='lat' dir='ltr'>sine</span> <span class='ocrx_word' id='word_1_306' title='bbox 2052 2886 2379 2941; x_wconf 83' lang='lat' dir='ltr'>auctoritate.</span> 
     </span>
    </p>

    <p class='ocr_par' dir='ltr' id='par_1_8' title="bbox 1354 2965 2383 3433">
     <span class='ocr_line' id='line_1_48' title="bbox 1442 2965 2381 3035; baseline 0.001 -18"><span class='ocrx_word' id='word_1_307' title='bbox 1442 2984 1493 3017; x_wconf 76' lang='lat' dir='ltr'>a.</span> <span class='ocrx_word' id='word_1_308' title='bbox 1517 2965 1832 3035; x_wconf 68' lang='lat' dir='ltr'>Indignitate.</span> <span class='ocrx_word' id='word_1_309' title='bbox 1854 2965 2078 3018; x_wconf 84' lang='lat' dir='ltr'>Restitui</span> <span class='ocrx_word' id='word_1_310' title='bbox 2096 2983 2158 3017; x_wconf 86' lang='lat' dir='ltr'>ex</span> <span class='ocrx_word' id='word_1_311' title='bbox 2187 2967 2381 3018; x_wconf 86' lang='lat' dir='ltr'>nostris</span> 
     </span>
     <span class='ocr_line' id='line_1_49' title="bbox 1356 3039 2383 3115; baseline 0.002 -19"><span class='ocrx_word' id='word_1_312' title='bbox 1356 3039 1513 3097; x_wconf 88' lang='lat' dir='ltr'>codd.</span> <span class='ocrx_word' id='word_1_313' title='bbox 1535 3046 1646 3096; x_wconf 82' lang='lat' dir='ltr'>RR.</span> <span class='ocrx_word' id='word_1_314' title='bbox 1671 3045 1864 3115; x_wconf 85' lang='lat' dir='ltr'>quibus</span> <span class='ocrx_word' id='word_1_315' title='bbox 1888 3042 2277 3115; x_wconf 83' lang='lat' dir='ltr'>adstipulantur</span> <span class='ocrx_word' id='word_1_316' title='bbox 2295 3065 2383 3098; x_wconf 88' lang='lat' dir='ltr'>co-</span> 
     </span>
     <span class='ocr_line' id='line_1_50' title="bbox 1356 3120 2378 3193; baseline 0.002 -17"><span class='ocrx_word' id='word_1_317' title='bbox 1356 3120 1499 3176; x_wconf 87' lang='lat' dir='ltr'>dices</span> <span class='ocrx_word' id='word_1_318' title='bbox 1541 3124 1653 3176; x_wconf 83' lang='lat' dir='ltr'>fere</span> <span class='ocrx_word' id='word_1_319' title='bbox 1691 3142 1875 3177; x_wconf 88' lang='lat' dir='ltr'>omnes</span> <span class='ocrx_word' id='word_1_320' title='bbox 1919 3121 2378 3193; x_wconf 84' lang='lat' dir='ltr'>Oudendorpiani.</span> 
     </span>
     <span class='ocr_line' id='line_1_51' title="bbox 1357 3202 2379 3273; baseline 0.001 -19"><span class='ocrx_word' id='word_1_321' title='bbox 1357 3202 1535 3273; x_wconf 83' lang='lat' dir='ltr'>Vulgo</span> <span class='ocrx_word' id='word_1_322' title='bbox 1566 3204 1907 3272; x_wconf 73' lang='lat' dir='ltr'>indignatione.</span> <span class='ocrx_word' id='word_1_323' title='bbox 1932 3235 2013 3246; x_wconf 89' lang='lat'>—</span> <span class='ocrx_word' id='word_1_324' title='bbox 2035 3203 2233 3255; x_wconf 72' lang='lat' dir='ltr'>Dolore.</span> <span class='ocrx_word' id='word_1_325' title='bbox 2256 3203 2379 3256; x_wconf 83' lang='lat' dir='ltr'>Non</span> 
     </span>
     <span class='ocr_line' id='line_1_52' title="bbox 1354 3281 2380 3354; baseline -0.001 -18"><span class='ocrx_word' id='word_1_326' title='bbox 1354 3297 1627 3354; x_wconf 84' lang='lat' dir='ltr'>comparet</span> <span class='ocrx_word' id='word_1_327' title='bbox 1661 3284 1717 3335; x_wconf 89' lang='lat' dir='ltr'>in</span> <span class='ocrx_word' id='word_1_328' title='bbox 1762 3283 1941 3337; x_wconf 86' lang='lat' dir='ltr'>multis</span> <span class='ocrx_word' id='word_1_329' title='bbox 1984 3281 2143 3336; x_wconf 89' lang='lat' dir='ltr'>codd.</span> <span class='ocrx_word' id='word_1_330' title='bbox 2184 3302 2283 3336; x_wconf 85' lang='lat' dir='ltr'>nec</span> <span class='ocrx_word' id='word_1_331' title='bbox 2324 3283 2380 3335; x_wconf 90' lang='lat' dir='ltr'>in</span> 
     </span>
     <span class='ocr_line' id='line_1_53' title="bbox 1355 3363 1845 3433; baseline 0.004 -18"><span class='ocrx_word' id='word_1_332' title='bbox 1355 3376 1539 3415; x_wconf 80' lang='lat' dir='ltr'>nostro</span> <span class='ocrx_word' id='word_1_333' title='bbox 1570 3364 1637 3417; x_wconf 82' lang='lat' dir='ltr'>R.</span> <span class='ocrx_word' id='word_1_334' title='bbox 1675 3363 1845 3433; x_wconf 74' lang='lat'>5764.</span> 
     </span>
    </p>

    <p class='ocr_par' dir='ltr' id='par_1_9' title="bbox 1351 3441 2380 4377">
     <span class='ocr_line' id='line_1_54' title="bbox 1441 3441 2380 3497; baseline 0.001 -1"><span class='ocrx_word' id='word_1_335' title='bbox 1441 3445 1492 3496; x_wconf 89' lang='grc'>3.</span> <span class='ocrx_word' id='word_1_336' title='bbox 1509 3443 1624 3496; x_wconf 77' lang='lat' dir='ltr'>Sese</span> <span class='ocrx_word' id='word_1_337' title='bbox 1639 3443 1745 3495; x_wconf 75' lang='lat' dir='ltr'>cibo</span> <span class='ocrx_word' id='word_1_338' title='bbox 1761 3443 2005 3495; x_wconf 75' lang='lat' dir='ltr'>abstinuit.</span> <span class='ocrx_word' id='word_1_339' title='bbox 2024 3441 2141 3495; x_wconf 86' lang='lat' dir='ltr'>Hoc</span> <span class='ocrx_word' id='word_1_340' title='bbox 2156 3443 2380 3497; x_wconf 81' lang='lat' dir='ltr'>verbum</span> 
     </span>
     <span class='ocr_line' id='line_1_55' title="bbox 1354 3523 2379 3595; baseline 0.002 -21"><span class='ocrx_word' id='word_1_341' title='bbox 1354 3523 1513 3595; x_wconf 74' lang='lat' dir='ltr'>vulgo</span> <span class='ocrx_word' id='word_1_342' title='bbox 1564 3523 1959 3577; x_wconf 77' lang='lat' dir='ltr'>intransitivum</span> <span class='ocrx_word' id='word_1_343' title='bbox 2012 3534 2255 3576; x_wconf 84' lang='lat' dir='ltr'>censetur</span> <span class='ocrx_word' id='word_1_344' title='bbox 2280 3541 2296 3588; x_wconf 81' lang='lat'>3</span> <span class='ocrx_word' id='word_1_345' title='bbox 2328 3523 2379 3576; x_wconf 88' lang='lat' dir='ltr'>ei</span> 
     </span>
     <span class='ocr_line' id='line_1_56' title="bbox 1357 3602 2379 3657; baseline 0 -2"><span class='ocrx_word' id='word_1_346' title='bbox 1357 3614 1530 3655; x_wconf 85' lang='lat' dir='ltr'>tamen</span> <span class='ocrx_word' id='word_1_347' title='bbox 1575 3604 1687 3656; x_wconf 78' lang='lat' dir='ltr'>vim</span> <span class='ocrx_word' id='word_1_348' title='bbox 1714 3603 1938 3657; x_wconf 82' lang='lat' dir='ltr'>activam</span> <span class='ocrx_word' id='word_1_349' title='bbox 1976 3603 2219 3655; x_wconf 82' lang='lat' dir='ltr'>tribuunt</span> <span class='ocrx_word' id='word_1_350' title='bbox 2248 3602 2379 3655; x_wconf 85' lang='lat' dir='ltr'>boni</span> 
     </span>
     <span class='ocr_line' id='line_1_57' title="bbox 1356 3682 2379 3753; baseline 0 -19"><span class='ocrx_word' id='word_1_351' title='bbox 1356 3696 1610 3736; x_wconf 80' lang='lat' dir='ltr'>auctores.</span> <span class='ocrx_word' id='word_1_352' title='bbox 1634 3683 1752 3737; x_wconf 84' lang='lat' dir='ltr'>Liv.</span> <span class='ocrx_word' id='word_1_353' title='bbox 1776 3683 1816 3736; x_wconf 94' lang='lat' dir='ltr'>l.</span> <span class='ocrx_word' id='word_1_354' title='bbox 1845 3701 1968 3748; x_wconf 72' lang='grc' dir='ltr'>χιι,</span> <span class='ocrx_word' id='word_1_355' title='bbox 1997 3701 2043 3735; x_wconf 92' lang='lat' dir='ltr'>c.</span> <span class='ocrx_word' id='word_1_356' title='bbox 2076 3688 2149 3752; x_wconf 72' lang='lat'>49</span> <span class='ocrx_word' id='word_1_357' title='bbox 2174 3699 2190 3734; x_wconf 74' lang='grc' dir='ltr'><strong><em>ε</em></strong></span> <span class='ocrx_word' id='word_1_358' title='bbox 2220 3682 2379 3753; x_wconf 78' lang='lat' dir='ltr'>Usque</span> 
     </span>
     <span class='ocr_line' id='line_1_58' title="bbox 1354 3762 2378 3833; baseline 0.002 -20"><span class='ocrx_word' id='word_1_359' title='bbox 1354 3762 1427 3813; x_wconf 84' lang='lat' dir='ltr'>ad</span> <span class='ocrx_word' id='word_1_360' title='bbox 1447 3762 1593 3814; x_wconf 79' lang='lat' dir='ltr'>lucem</span> <span class='ocrx_word' id='word_1_361' title='bbox 1618 3774 1769 3833; x_wconf 76' lang='lat' dir='ltr'>portu</span> <span class='ocrx_word' id='word_1_362' title='bbox 1790 3781 1840 3814; x_wconf 77' lang='lat' dir='ltr'>se</span> <span class='ocrx_word' id='word_1_363' title='bbox 1869 3763 2211 3815; x_wconf 71' lang='lat' dir='ltr'>abstinuerunt.</span> <span class='ocrx_word' id='word_1_364' title='bbox 2246 3763 2378 3815; x_wconf 80' lang='lat' dir='ltr'>Lac-</span> 
     </span>
     <span class='ocr_line' id='line_1_59' title="bbox 1355 3840 2376 3915; baseline -0.001 -21"><span class='ocrx_word' id='word_1_365' title='bbox 1355 3842 1552 3895; x_wconf 84' lang='lat' dir='ltr'>tantius</span> <span class='ocrx_word' id='word_1_366' title='bbox 1570 3840 1638 3894; x_wconf 92' lang='lat' dir='ltr'>de</span> <span class='ocrx_word' id='word_1_367' title='bbox 1664 3842 1754 3895; x_wconf 78' lang='lat' dir='ltr'>Ira</span> <span class='ocrx_word' id='word_1_368' title='bbox 1778 3843 1908 3908; x_wconf 85' lang='lat' dir='ltr'>Dei,</span> <span class='ocrx_word' id='word_1_369' title='bbox 1935 3861 1982 3894; x_wconf 91' lang='lat' dir='ltr'>c.</span> <span class='ocrx_word' id='word_1_370' title='bbox 2006 3862 2037 3894; x_wconf 86' lang='lat' dir='ltr'>x</span> <span class='ocrx_word' id='word_1_371' title='bbox 2064 3859 2191 3915; x_wconf 80' lang='lat' dir='ltr'>:quo</span> <span class='ocrx_word' id='word_1_372' title='bbox 2216 3860 2267 3893; x_wconf 80' lang='lat' dir='ltr'>se</span> <span class='ocrx_word' id='word_1_373' title='bbox 2290 3841 2376 3893; x_wconf 70' lang='lat' dir='ltr'>lao-</span> 
     </span>
     <span class='ocr_line' id='line_1_60' title="bbox 1354 3920 2375 3993; baseline 0.003 -21"><span class='ocrx_word' id='word_1_374' title='bbox 1354 3925 1499 3973; x_wconf 72' lang='lat' dir='ltr'>nu’nes</span> <span class='ocrx_word' id='word_1_375' title='bbox 1539 3924 1744 3991; x_wconf 74' lang='lat' dir='ltr'>baperiti</span> <span class='ocrx_word' id='word_1_376' title='bbox 1774 3942 1807 3974; x_wconf 85' lang='lat' dir='ltr'>a</span> <span class='ocrx_word' id='word_1_377' title='bbox 1839 3925 2048 3993; x_wconf 75' lang='lat' dir='ltr'>peccatis</span> <span class='ocrx_word' id='word_1_378' title='bbox 2069 3920 2375 3975; x_wconf 71' lang='lat' dir='ltr'>abstinet-ene.</span> 
     </span>
     <span class='ocr_line' id='line_1_61' title="bbox 1354 3999 2377 4072; baseline -0.002 -19"><span class='ocrx_word' id='word_1_379' title='bbox 1354 4001 1524 4054; x_wconf 77' lang='lat' dir='ltr'>Divus</span> <span class='ocrx_word' id='word_1_380' title='bbox 1548 4002 1899 4072; x_wconf 77' lang='lat' dir='ltr'>Augustinus,</span> <span class='ocrx_word' id='word_1_381' title='bbox 1925 3999 2229 4065; x_wconf 73' lang='lat' dir='ltr'>cum‘alibi,</span> <span class='ocrx_word' id='word_1_382' title='bbox 2262 4012 2377 4052; x_wconf 84' lang='lat' dir='ltr'>tum</span> 
     </span>
     <span class='ocr_line' id='line_1_62' title="bbox 1354 4079 2378 4149; baseline -0.003 -14"><span class='ocrx_word' id='word_1_383' title='bbox 1354 4079 1423 4134; x_wconf 88' lang='lat' dir='ltr'>de</span> <span class='ocrx_word' id='word_1_384' title='bbox 1450 4081 1568 4135; x_wconf 81' lang='lat' dir='ltr'>civ.</span> <span class='ocrx_word' id='word_1_385' title='bbox 1587 4081 1719 4146; x_wconf 84' lang='lat' dir='ltr'>Dei,</span> <span class='ocrx_word' id='word_1_386' title='bbox 1748 4081 1845 4134; x_wconf 90' lang='lat' dir='ltr'>lib.</span> <span class='ocrx_word' id='word_1_387' title='bbox 1873 4099 1993 4146; x_wconf 90' lang='lat' dir='ltr'>1,c.</span> <span class='ocrx_word' id='word_1_388' title='bbox 2021 4100 2056 4149; x_wconf 84' lang='lat'><em>9</em></span> <span class='ocrx_word' id='word_1_389' title='bbox 2086 4099 2101 4133; x_wconf 94' lang='lat'><strong>:</strong></span> <span class='ocrx_word' id='word_1_390' title='bbox 2127 4080 2189 4131; x_wconf 85' lang='lat' dir='ltr'>ab</span> <span class='ocrx_word' id='word_1_391' title='bbox 2218 4099 2378 4133; x_wconf 69' lang='lat' dir='ltr'>eontra</span> 
     </span>
     <span class='ocr_line' id='line_1_63' title="bbox 1351 4159 2380 4233; baseline 0 -20"><span class='ocrx_word' id='word_1_392' title='bbox 1351 4163 1710 4233; x_wconf 73' lang='lat' dir='ltr'>reprehensione</span> <span class='ocrx_word' id='word_1_393' title='bbox 1737 4181 1837 4214; x_wconf 73' lang='lat' dir='ltr'>sese</span> <span class='ocrx_word' id='word_1_394' title='bbox 1867 4161 2208 4214; x_wconf 75' lang='lat' dir='ltr'>abstimoerunt.</span> <span class='ocrx_word' id='word_1_395' title='bbox 2235 4159 2380 4213; x_wconf 76' lang='lat' dir='ltr'>vide</span> 
     </span>
     <span class='ocr_line' id='line_1_64' title="bbox 1355 4240 2375 4312; baseline -0.001 -18"><span class='ocrx_word' id='word_1_396' title='bbox 1355 4255 1409 4295; x_wconf 88' lang='lat' dir='ltr'>et</span> <span class='ocrx_word' id='word_1_397' title='bbox 1426 4241 1496 4295; x_wconf 84' lang='lat' dir='ltr'>G.</span> <span class='ocrx_word' id='word_1_398' title='bbox 1510 4242 1561 4295; x_wconf 82' lang='lat' dir='ltr'>J.</span> <span class='ocrx_word' id='word_1_399' title='bbox 1586 4242 1838 4297; x_wconf 67' lang='lat' dir='ltr'>vossium</span> <span class='ocrx_word' id='word_1_400' title='bbox 1863 4240 1931 4295; x_wconf 88' lang='lat' dir='ltr'>de</span> <span class='ocrx_word' id='word_1_401' title='bbox 1955 4253 2240 4296; x_wconf 61' lang='lat' dir='ltr'>consumet.</span> <span class='ocrx_word' id='word_1_402' title='bbox 2259 4260 2375 4312; x_wconf 84' lang='lat' dir='ltr'>cap.</span> 
     </span>
     <span class='ocr_line' id='line_1_65' title="bbox 1363 4323 1663 4377; baseline -0.007 0"><span class='ocrx_word' id='word_1_403' title='bbox 1363 4342 1453 4377; x_wconf 66' lang='grc' dir='ltr'>οι.</span> <span class='ocrx_word' id='word_1_404' title='bbox 1480 4323 1663 4376; x_wconf 64' lang='lat' dir='ltr'>stts.</span> 
     </span>
    </p>
   </div>
  </div>
 </body>
</html>
