<?xml version="1.0" encoding="UTF-8"?>
<!DOCTYPE html PUBLIC "-//W3C//DTD XHTML 1.0 Transitional//EN"
    "http://www.w3.org/TR/xhtml1/DTD/xhtml1-transitional.dtd">
<html xmlns="http://www.w3.org/1999/xhtml" xml:lang="en" lang="en">
 <head>
  <title>
</title>
<meta http-equiv="Content-Type" content="text/html;charset=utf-8" />
  <meta name='ocr-system' content='tesseract 3.04.00' />
  <meta name='ocr-capabilities' content='ocr_page ocr_carea ocr_par ocr_line ocrx_word'/>
</head>
<body>
  <div class='ocr_page' id='page_1' title='image "./caesaradbodices00caesgoog_0016.png"; bbox 0 0 3111 5147; ppageno 0'>
   <div class='ocr_carea' id='block_1_1' title="bbox 711 543 2083 613">
    <p class='ocr_par' dir='ltr' id='par_1_1' title="bbox 711 543 2083 613">
     <span class='ocr_line' id='line_1_1' title="bbox 711 543 2083 613; baseline -0.001 0"><span class='ocrx_word' id='word_1_1' title='bbox 711 564 812 613; x_wconf 69' lang='grc' dir='ltr'><strong>κη</strong></span> <span class='ocrx_word' id='word_1_2' title='bbox 1510 543 2083 613; x_wconf 83' lang='lat' dir='ltr'><strong>EPISTOLA</strong></span> 
     </span>
    </p>
   </div>
   <div class='ocr_carea' id='block_1_2' title="bbox 713 695 2870 3555">
    <p class='ocr_par' dir='ltr' id='par_1_2' title="bbox 713 695 2524 799">
     <span class='ocr_line' id='line_1_2' title="bbox 713 695 2524 799; baseline -0.002 -29"><span class='ocrx_word' id='word_1_3' title='bbox 713 702 805 770; x_wconf 92' lang='lat' dir='ltr'><strong>Et</strong></span> <span class='ocrx_word' id='word_1_4' title='bbox 842 697 1088 799; x_wconf 84' lang='lat' dir='ltr'><strong>lingua</strong></span> <span class='ocrx_word' id='word_1_5' title='bbox 1121 699 1424 773; x_wconf 81' lang='lat' dir='ltr'>mordax</span> <span class='ocrx_word' id='word_1_6' title='bbox 1445 755 1465 790; x_wconf 88' lang='lat'>‚</span> <span class='ocrx_word' id='word_1_7' title='bbox 1507 697 1766 797; x_wconf 86' lang='lat' dir='ltr'><strong>grandi</strong></span> <span class='ocrx_word' id='word_1_8' title='bbox 1808 696 2228 771; x_wconf 78' lang='lat' dir='ltr'><strong>acclamavit</strong></span> <span class='ocrx_word' id='word_1_9' title='bbox 2265 695 2473 769; x_wconf 88' lang='lat' dir='ltr'><strong>hiatu</strong></span> <span class='ocrx_word' id='word_1_10' title='bbox 2507 724 2524 766; x_wconf 76' lang='grc' dir='ltr'><strong>ε</strong></span> 
     </span>
    </p>

    <p class='ocr_par' dir='ltr' id='par_1_3' title="bbox 716 825 2853 1197">
     <span class='ocr_line' id='line_1_3' title="bbox 717 825 2853 931; baseline -0.001 -33"><span class='ocrx_word' id='word_1_11' title='bbox 717 836 855 902; x_wconf 73' lang='lat' dir='ltr'><strong>«Et</strong></span> <span class='ocrx_word' id='word_1_12' title='bbox 891 855 1056 930; x_wconf 89' lang='lat' dir='ltr'><strong>spes</strong></span> <span class='ocrx_word' id='word_1_13' title='bbox 1077 887 1097 922; x_wconf 91' lang='lat'>,</span> <span class='ocrx_word' id='word_1_14' title='bbox 1141 847 1214 906; x_wconf 92' lang='lat' dir='ltr'><strong>et</strong></span> <span class='ocrx_word' id='word_1_15' title='bbox 1248 833 1434 905; x_wconf 88' lang='lat' dir='ltr'><strong>ratio</strong></span> <span class='ocrx_word' id='word_1_16' title='bbox 1475 829 1887 903; x_wconf 87' lang='lat' dir='ltr'><strong>studiorum</strong></span> <span class='ocrx_word' id='word_1_17' title='bbox 1925 831 2004 903; x_wconf 91' lang='lat' dir='ltr'><strong>in</strong></span> <span class='ocrx_word' id='word_1_18' title='bbox 2051 829 2384 928; x_wconf 83' lang='lat' dir='ltr'>Principe</span> <span class='ocrx_word' id='word_1_19' title='bbox 2423 825 2853 931; x_wconf 77' lang='lat' dir='ltr'><strong>tantum.»¹⁶</strong></span> 
     </span>
     <span class='ocr_line' id='line_1_4' title="bbox 716 940 2630 1064; baseline -0.001 -29"><span class='ocrx_word' id='word_1_20' title='bbox 716 963 915 1037; x_wconf 73' lang='lat' dir='ltr'><strong>Alter</strong></span> <span class='ocrx_word' id='word_1_21' title='bbox 932 1020 952 1055; x_wconf 89' lang='lat'>,</span> <span class='ocrx_word' id='word_1_22' title='bbox 992 967 1123 1063; x_wconf 85' lang='lat' dir='ltr'><strong>qui</strong></span> <span class='ocrx_word' id='word_1_23' title='bbox 1161 963 1508 1037; x_wconf 81' lang='lat' dir='ltr'><strong>citharam</strong></span> <span class='ocrx_word' id='word_1_24' title='bbox 1552 988 1840 1064; x_wconf 84' lang='lat' dir='ltr'><strong>semper</strong></span> <span class='ocrx_word' id='word_1_25' title='bbox 1871 962 2263 1037; x_wconf 85' lang='lat' dir='ltr'><strong>meditatus</strong></span> <span class='ocrx_word' id='word_1_26' title='bbox 2299 940 2630 1037; x_wconf 78' lang='lat' dir='ltr'><strong>eam&#39;dem</strong></span> 
     </span>
     <span class='ocr_line' id='line_1_5' title="bbox 720 1093 2543 1197; baseline 0 -29"><span class='ocrx_word' id='word_1_27' title='bbox 720 1094 963 1169; x_wconf 88' lang='lat' dir='ltr'><strong>Pulsat</strong></span> <span class='ocrx_word' id='word_1_28' title='bbox 1001 1093 1367 1169; x_wconf 82' lang='lat' dir='ltr'><strong>inoffenso</strong></span> <span class='ocrx_word' id='word_1_29' title='bbox 1398 1111 1827 1173; x_wconf 84' lang='lat' dir='ltr'><strong>resonantes</strong></span> <span class='ocrx_word' id='word_1_30' title='bbox 1867 1098 2159 1197; x_wconf 85' lang='lat' dir='ltr'><strong>pectine</strong></span> <span class='ocrx_word' id='word_1_31' title='bbox 2199 1094 2508 1170; x_wconf 83' lang='lat' dir='ltr'><strong>chordas</strong></span> <span class='ocrx_word' id='word_1_32' title='bbox 2523 1150 2543 1186; x_wconf 92' lang='lat'>,</span> 
     </span>
    </p>

    <p class='ocr_par' dir='ltr' id='par_1_4' title="bbox 722 1227 2676 1724">
     <span class='ocr_line' id='line_1_6' title="bbox 722 1227 2620 1330; baseline -0.001 -30"><span class='ocrx_word' id='word_1_33' title='bbox 722 1234 865 1301; x_wconf 91' lang='lat' dir='ltr'><strong>Seu</strong></span> <span class='ocrx_word' id='word_1_34' title='bbox 908 1227 1309 1302; x_wconf 85' lang='lat' dir='ltr'><strong>Stilichona</strong></span> <span class='ocrx_word' id='word_1_35' title='bbox 1348 1253 1565 1303; x_wconf 84' lang='lat' dir='ltr'><strong>suum</strong></span> <span class='ocrx_word' id='word_1_36' title='bbox 1604 1244 1812 1329; x_wconf 86' lang='lat' dir='ltr'><strong>grato</strong></span> <span class='ocrx_word' id='word_1_37' title='bbox 1851 1253 2074 1330; x_wconf 87' lang='lat' dir='ltr'><strong>super</strong></span> <span class='ocrx_word' id='word_1_38' title='bbox 2114 1229 2382 1303; x_wconf 80' lang='lat' dir='ltr'><strong>aethera</strong></span> <span class='ocrx_word' id='word_1_39' title='bbox 2418 1227 2620 1301; x_wconf 88' lang='lat' dir='ltr'><strong>tollat</strong></span> 
     </span>
     <span class='ocr_line' id='line_1_7' title="bbox 733 1332 2607 1461; baseline 0.002 -32"><span class='ocrx_word' id='word_1_40' title='bbox 733 1361 1111 1450; x_wconf 90' lang='lat' dir='ltr'><strong>Carmine;</strong></span> <span class='ocrx_word' id='word_1_41' title='bbox 1154 1332 1283 1434; x_wconf 76' lang='lat' dir='ltr'><strong>seu</strong></span> <span class='ocrx_word' id='word_1_42' title='bbox 1323 1382 1678 1461; x_wconf 84' lang='lat' dir='ltr'><strong>rumpens</strong></span> <span class='ocrx_word' id='word_1_43' title='bbox 1718 1363 1974 1435; x_wconf 82' lang='lat' dir='ltr'><strong>AEtnaei</strong></span> <span class='ocrx_word' id='word_1_44' title='bbox 2016 1363 2292 1449; x_wconf 75' lang='lat' dir='ltr'><strong>viscera</strong></span> <span class='ocrx_word' id='word_1_45' title='bbox 2330 1361 2607 1433; x_wconf 80' lang='lat' dir='ltr'><strong>montis</strong></span> 
     </span>
     <span class='ocr_line' id='line_1_8' title="bbox 724 1488 2653 1592; baseline 0.001 -31"><span class='ocrx_word' id='word_1_46' title='bbox 724 1488 1102 1564; x_wconf 89' lang='lat' dir='ltr'><strong>Infernum</strong></span> <span class='ocrx_word' id='word_1_47' title='bbox 1143 1491 1423 1566; x_wconf 87' lang='lat' dir='ltr'><strong>Siculos</strong></span> <span class='ocrx_word' id='word_1_48' title='bbox 1462 1496 1859 1592; x_wconf 85' lang='lat' dir='ltr'><strong>Raptorem</strong></span> <span class='ocrx_word' id='word_1_49' title='bbox 1899 1493 2241 1567; x_wconf 72' lang='lat' dir='ltr'><strong>immittat</strong></span> <span class='ocrx_word' id='word_1_50' title='bbox 2284 1493 2363 1563; x_wconf 90' lang='lat' dir='ltr'><strong>in</strong></span> <span class='ocrx_word' id='word_1_51' title='bbox 2397 1514 2607 1588; x_wconf 82' lang='lat' dir='ltr'><strong>agros</strong></span> <span class='ocrx_word' id='word_1_52' title='bbox 2631 1543 2653 1580; x_wconf 89' lang='lat'>‚</span> 
     </span>
     <span class='ocr_line' id='line_1_9' title="bbox 723 1623 2676 1724; baseline -0.001 -30"><span class='ocrx_word' id='word_1_53' title='bbox 723 1623 837 1695; x_wconf 91' lang='lat' dir='ltr'><strong>Sic</strong></span> <span class='ocrx_word' id='word_1_54' title='bbox 878 1623 1206 1724; x_wconf 90' lang='lat' dir='ltr'><strong>loquitur</strong></span> <span class='ocrx_word' id='word_1_55' title='bbox 1251 1654 1268 1696; x_wconf 74' lang='lat' dir='ltr'><em>z</em></span> <span class='ocrx_word' id='word_1_56' title='bbox 1317 1656 1354 1692; x_wconf 77' lang='grc' dir='ltr'><strong>α</strong></span> <span class='ocrx_word' id='word_1_57' title='bbox 1387 1630 1787 1724; x_wconf 85' lang='lat' dir='ltr'><strong>Nunquam</strong></span> <span class='ocrx_word' id='word_1_58' title='bbox 1826 1623 2122 1699; x_wconf 82' lang='lat' dir='ltr'><strong>libertas</strong></span> <span class='ocrx_word' id='word_1_59' title='bbox 2163 1625 2432 1723; x_wconf 80' lang='lat' dir='ltr'><strong>gratior</strong></span> <span class='ocrx_word' id='word_1_60' title='bbox 2474 1635 2676 1697; x_wconf 77' lang='lat' dir='ltr'><strong>extat</strong></span> 
     </span>
    </p>

    <p class='ocr_par' dir='ltr' id='par_1_5' title="bbox 726 1754 2670 1854">
     <span class='ocr_line' id='line_1_10' title="bbox 726 1754 2670 1854; baseline 0.002 -31"><span class='ocrx_word' id='word_1_61' title='bbox 726 1786 762 1822; x_wconf 73' lang='grc' dir='ltr'><strong>α</strong></span> <span class='ocrx_word' id='word_1_62' title='bbox 787 1757 1024 1847; x_wconf 89' lang='lat' dir='ltr'><strong>Quam</strong></span> <span class='ocrx_word' id='word_1_63' title='bbox 1070 1756 1208 1829; x_wconf 88' lang='lat' dir='ltr'><strong>sub</strong></span> <span class='ocrx_word' id='word_1_64' title='bbox 1244 1763 1471 1854; x_wconf 73' lang='lat' dir='ltr'><strong>Rege</strong></span> <span class='ocrx_word' id='word_1_65' title='bbox 1482 1758 1647 1854; x_wconf 87' lang='lat' dir='ltr'><strong>pio,</strong></span> <span class='ocrx_word' id='word_1_66' title='bbox 1667 1770 1714 1812; x_wconf 88' lang='lat'><strong>¹⁷</strong></span> <span class='ocrx_word' id='word_1_67' title='bbox 1758 1757 1889 1854; x_wconf 91' lang='lat' dir='ltr'><strong>qui</strong></span> <span class='ocrx_word' id='word_1_68' title='bbox 1926 1758 2091 1829; x_wconf 87' lang='lat' dir='ltr'><strong>Jani</strong></span> <span class='ocrx_word' id='word_1_69' title='bbox 2135 1754 2365 1830; x_wconf 84' lang='lat' dir='ltr'><strong>ferrea</strong></span> <span class='ocrx_word' id='word_1_70' title='bbox 2407 1755 2670 1828; x_wconf 85' lang='lat' dir='ltr'><strong>clausit</strong></span> 
     </span>
    </p>

    <p class='ocr_par' dir='ltr' id='par_1_6' title="bbox 728 1884 2701 1987">
     <span class='ocr_line' id='line_1_11' title="bbox 728 1884 2701 1987; baseline 0.002 -31"><span class='ocrx_word' id='word_1_71' title='bbox 728 1919 764 1956; x_wconf 72' lang='grc' dir='ltr'><strong>α</strong></span> <span class='ocrx_word' id='word_1_72' title='bbox 788 1890 1069 1987; x_wconf 80' lang='lat' dir='ltr'><strong>Limina</strong></span> <span class='ocrx_word' id='word_1_73' title='bbox 1089 1942 1109 1978; x_wconf 92' lang='lat'><strong><em>‚</em></strong></span> <span class='ocrx_word' id='word_1_74' title='bbox 1152 1911 1291 1960; x_wconf 91' lang='lat' dir='ltr'><strong>nec</strong></span> <span class='ocrx_word' id='word_1_75' title='bbox 1332 1888 1595 1959; x_wconf 87' lang='lat' dir='ltr'><strong>metuit</strong></span> <span class='ocrx_word' id='word_1_76' title='bbox 1632 1884 1808 1959; x_wconf 84' lang='lat' dir='ltr'><strong>belli</strong></span> <span class='ocrx_word' id='word_1_77' title='bbox 1842 1886 2204 1961; x_wconf 83' lang='lat' dir='ltr'><strong>exitiabile</strong></span> <span class='ocrx_word' id='word_1_78' title='bbox 2245 1902 2659 1961; x_wconf 82' lang='lat' dir='ltr'><strong>monstrum</strong></span> <span class='ocrx_word' id='word_1_79' title='bbox 2679 1938 2701 1976; x_wconf 89' lang='lat'>,</span> 
     </span>
    </p>

    <p class='ocr_par' dir='ltr' id='par_1_7' title="bbox 728 2015 2119 2117">
     <span class='ocr_line' id='line_1_12' title="bbox 728 2015 2119 2117; baseline 0.005 -33"><span class='ocrx_word' id='word_1_80' title='bbox 728 2048 763 2084; x_wconf 73' lang='grc' dir='ltr'>ι</span> <span class='ocrx_word' id='word_1_81' title='bbox 796 2024 1105 2117; x_wconf 80' lang='lat' dir='ltr'><strong>Europae</strong></span> <span class='ocrx_word' id='word_1_82' title='bbox 1145 2015 1396 2109; x_wconf 85' lang='lat' dir='ltr'><strong>fatale,</strong></span> <span class='ocrx_word' id='word_1_83' title='bbox 1432 2016 1571 2090; x_wconf 77' lang='lat' dir='ltr'><strong>sihi</strong></span> <span class='ocrx_word' id='word_1_84' title='bbox 1614 2015 1900 2091; x_wconf 80' lang='lat' dir='ltr'><strong>fatalius</strong></span> <span class='ocrx_word' id='word_1_85' title='bbox 1936 2019 2119 2117; x_wconf 79' lang='lat' dir='ltr'><strong>ipsi3</strong></span> 
     </span>
    </p>

    <p class='ocr_par' dir='ltr' id='par_1_8' title="bbox 731 2149 2870 2385">
     <span class='ocr_line' id='line_1_13' title="bbox 731 2149 2870 2252; baseline 0.002 -32"><span class='ocrx_word' id='word_1_86' title='bbox 731 2182 766 2218; x_wconf 73' lang='grc' dir='ltr'>ι</span> <span class='ocrx_word' id='word_1_87' title='bbox 793 2158 1032 2225; x_wconf 86' lang='lat' dir='ltr'><strong>Haeret</strong></span> <span class='ocrx_word' id='word_1_88' title='bbox 1073 2178 1393 2252; x_wconf 90' lang='lat' dir='ltr'><strong>namque</strong></span> <span class='ocrx_word' id='word_1_89' title='bbox 1436 2178 1675 2226; x_wconf 85' lang='lat' dir='ltr'><strong>novus</strong></span> <span class='ocrx_word' id='word_1_90' title='bbox 1713 2151 1997 2227; x_wconf 88' lang='lat' dir='ltr'><strong>deserta</strong></span> <span class='ocrx_word' id='word_1_91' title='bbox 2027 2154 2107 2224; x_wconf 88' lang='lat' dir='ltr'><strong>in</strong></span> <span class='ocrx_word' id='word_1_92' title='bbox 2136 2176 2322 2252; x_wconf 89' lang='lat' dir='ltr'><strong>rupe</strong></span> <span class='ocrx_word' id='word_1_93' title='bbox 2360 2149 2870 2242; x_wconf 52' lang='lat' dir='ltr'><strong>Prometheae,</strong></span> 
     </span>
     <span class='ocr_line' id='line_1_14' title="bbox 733 2284 2601 2385; baseline 0.001 -28"><span class='ocrx_word' id='word_1_94' title='bbox 733 2316 768 2351; x_wconf 73' lang='grc' dir='ltr'><strong>α</strong></span> <span class='ocrx_word' id='word_1_95' title='bbox 800 2289 1049 2385; x_wconf 86' lang='lat' dir='ltr'><strong>Usque</strong></span> <span class='ocrx_word' id='word_1_96' title='bbox 1091 2284 1578 2361; x_wconf 84' lang='lat' dir='ltr'><strong>remordentis</strong></span> <span class='ocrx_word' id='word_1_97' title='bbox 1620 2285 2003 2359; x_wconf 83' lang='lat' dir='ltr'><strong>laniandus</strong></span> <span class='ocrx_word' id='word_1_98' title='bbox 2039 2285 2330 2359; x_wconf 81' lang='lat' dir='ltr'><strong>vulture</strong></span> <span class='ocrx_word' id='word_1_99' title='bbox 2366 2308 2601 2375; x_wconf 69' lang='lat' dir='ltr'><strong>curoe3</strong></span> 
     </span>
    </p>

    <p class='ocr_par' dir='ltr' id='par_1_9' title="bbox 732 2416 2581 2627">
     <span class='ocr_line' id='line_1_15' title="bbox 740 2416 2581 2519; baseline -0.001 -28"><span class='ocrx_word' id='word_1_100' title='bbox 740 2449 774 2483; x_wconf 78' lang='grc' dir='ltr'><strong>α</strong></span> <span class='ocrx_word' id='word_1_101' title='bbox 806 2423 897 2491; x_wconf 91' lang='lat' dir='ltr'><strong>Et</strong></span> <span class='ocrx_word' id='word_1_102' title='bbox 927 2421 1216 2519; x_wconf 81' lang='lat' dir='ltr'><strong>quoties</strong></span> <span class='ocrx_word' id='word_1_103' title='bbox 1254 2433 1490 2493; x_wconf 77' lang='lat' dir='ltr'><strong>tentat</strong></span> <span class='ocrx_word' id='word_1_104' title='bbox 1524 2444 1601 2492; x_wconf 88' lang='lat' dir='ltr'><strong>se</strong></span> <span class='ocrx_word' id='word_1_105' title='bbox 1639 2416 1908 2491; x_wconf 79' lang='lat' dir='ltr'><strong>fessum</strong></span> <span class='ocrx_word' id='word_1_106' title='bbox 1952 2417 2260 2491; x_wconf 83' lang='lat' dir='ltr'><strong>avellere</strong></span> <span class='ocrx_word' id='word_1_107' title='bbox 2291 2417 2581 2507; x_wconf 79' lang='lat' dir='ltr'><strong>vinclis,</strong></span> 
     </span>
     <span class='ocr_line' id='line_1_16' title="bbox 732 2547 2576 2627; baseline 0.001 -7"><span class='ocrx_word' id='word_1_108' title='bbox 732 2552 1183 2624; x_wconf 79' lang='lat' dir='ltr'><strong>«Intremuit</strong></span> <span class='ocrx_word' id='word_1_109' title='bbox 1215 2564 1416 2625; x_wconf 86' lang='lat' dir='ltr'><strong>totus</strong></span> <span class='ocrx_word' id='word_1_110' title='bbox 1467 2577 1829 2627; x_wconf 81' lang='lat' dir='ltr'><strong>concusso</strong></span> <span class='ocrx_word' id='word_1_111' title='bbox 1873 2549 2168 2626; x_wconf 82' lang='lat' dir='ltr'><strong>cardine</strong></span> <span class='ocrx_word' id='word_1_112' title='bbox 2227 2547 2576 2624; x_wconf 81' lang='lat' dir='ltr'><strong>mundus.</strong></span> 
     </span>
    </p>

    <p class='ocr_par' dir='ltr' id='par_1_10' title="bbox 739 2679 2740 2917">
     <span class='ocr_line' id='line_1_17' title="bbox 740 2679 2740 2784; baseline 0.003 -33"><span class='ocrx_word' id='word_1_113' title='bbox 740 2714 774 2750; x_wconf 75' lang='grc' dir='ltr'><strong><em>κ</em></strong></span> <span class='ocrx_word' id='word_1_114' title='bbox 805 2690 961 2757; x_wconf 88' lang='lat' dir='ltr'><strong>Jam</strong></span> <span class='ocrx_word' id='word_1_115' title='bbox 1004 2709 1163 2757; x_wconf 89' lang='lat' dir='ltr'><strong>non</strong></span> <span class='ocrx_word' id='word_1_116' title='bbox 1196 2709 1382 2758; x_wconf 81' lang='lat' dir='ltr'><strong>saeva</strong></span> <span class='ocrx_word' id='word_1_117' title='bbox 1420 2699 1771 2783; x_wconf 89' lang='lat' dir='ltr'><strong>premunt</strong></span> <span class='ocrx_word' id='word_1_118' title='bbox 1815 2685 2139 2784; x_wconf 79' lang='lat' dir='ltr'><strong>captivos</strong></span> <span class='ocrx_word' id='word_1_119' title='bbox 2180 2683 2468 2782; x_wconf 82' lang='lat' dir='ltr'><strong>agmina</strong></span> <span class='ocrx_word' id='word_1_120' title='bbox 2509 2679 2740 2772; x_wconf 69' lang='lat' dir='ltr'><strong>fine53</strong></span> 
     </span>
     <span class='ocr_line' id='line_1_18' title="bbox 739 2789 2658 2917; baseline 0.001 -33"><span class='ocrx_word' id='word_1_121' title='bbox 739 2789 775 2883; x_wconf 47' lang='grc' dir='ltr'><strong>ξι</strong></span> <span class='ocrx_word' id='word_1_122' title='bbox 807 2823 965 2889; x_wconf 87' lang='lat' dir='ltr'><strong>Jam</strong></span> <span class='ocrx_word' id='word_1_123' title='bbox 1005 2841 1161 2890; x_wconf 91' lang='lat' dir='ltr'><strong>non</strong></span> <span class='ocrx_word' id='word_1_124' title='bbox 1204 2817 1341 2891; x_wconf 86' lang='lat' dir='ltr'><strong>sub</strong></span> <span class='ocrx_word' id='word_1_125' title='bbox 1383 2821 1687 2917; x_wconf 84' lang='lat' dir='ltr'><strong>Luparae</strong></span> <span class='ocrx_word' id='word_1_126' title='bbox 1730 2841 1948 2889; x_wconf 88' lang='lat' dir='ltr'><strong>muro</strong></span> <span class='ocrx_word' id='word_1_127' title='bbox 1988 2815 2275 2890; x_wconf 81' lang='lat' dir='ltr'><strong>fluitare</strong></span> <span class='ocrx_word' id='word_1_128' title='bbox 2315 2812 2658 2888; x_wconf 75' lang='lat' dir='ltr'><strong>frementi</strong></span> 
     </span>
    </p>

    <p class='ocr_par' dir='ltr' id='par_1_11' title="bbox 742 2948 2455 3049">
     <span class='ocr_line' id='line_1_19' title="bbox 742 2948 2455 3049; baseline 0.002 -32"><span class='ocrx_word' id='word_1_129' title='bbox 742 2980 778 3017; x_wconf 72' lang='grc' dir='ltr'><strong>α</strong></span> <span class='ocrx_word' id='word_1_130' title='bbox 806 2955 1126 3023; x_wconf 90' lang='lat' dir='ltr'><strong>Horrent</strong></span> <span class='ocrx_word' id='word_1_131' title='bbox 1161 2952 1580 3049; x_wconf 66' lang='lat' dir='ltr'><strong>Sequanicae</strong></span> <span class='ocrx_word' id='word_1_132' title='bbox 1618 2950 1879 3024; x_wconf 73' lang='lat' dir='ltr'><strong>vexilla</strong></span> <span class='ocrx_word' id='word_1_133' title='bbox 1915 2948 2204 3024; x_wconf 78' lang='lat' dir='ltr'><strong>hostilia</strong></span> <span class='ocrx_word' id='word_1_134' title='bbox 2242 2950 2455 3047; x_wconf 80' lang='lat' dir='ltr'><strong>ripae3</strong></span> 
     </span>
    </p>

    <p class='ocr_par' dir='ltr' id='par_1_12' title="bbox 747 3080 2816 3447">
     <span class='ocr_line' id='line_1_20' title="bbox 747 3080 2816 3184; baseline 0 -35"><span class='ocrx_word' id='word_1_135' title='bbox 747 3114 783 3149; x_wconf 75' lang='grc' dir='ltr'><strong>α</strong></span> <span class='ocrx_word' id='word_1_136' title='bbox 814 3085 1092 3157; x_wconf 86' lang='lat' dir='ltr'><strong>Territa</strong></span> <span class='ocrx_word' id='word_1_137' title='bbox 1133 3109 1271 3158; x_wconf 89' lang='lat' dir='ltr'><strong>nec</strong></span> <span class='ocrx_word' id='word_1_138' title='bbox 1309 3083 1554 3158; x_wconf 88' lang='lat' dir='ltr'><strong>refluit</strong></span> <span class='ocrx_word' id='word_1_139' title='bbox 1597 3082 1841 3158; x_wconf 85' lang='lat' dir='ltr'><strong>Pardis</strong></span> <span class='ocrx_word' id='word_1_140' title='bbox 1876 3080 2264 3184; x_wconf 85' lang='lat' dir='ltr'><strong>potoribus</strong></span> <span class='ocrx_word' id='word_1_141' title='bbox 2303 3081 2522 3155; x_wconf 79' lang='lat' dir='ltr'><strong>unda.</strong></span> <span class='ocrx_word' id='word_1_142' title='bbox 2558 3133 2574 3154; x_wconf 88' lang='lat'><strong>.</strong></span> <span class='ocrx_word' id='word_1_143' title='bbox 2609 3134 2625 3155; x_wconf 88' lang='lat'><strong>.</strong></span> <span class='ocrx_word' id='word_1_144' title='bbox 2668 3132 2684 3153; x_wconf 88' lang='lat'><strong>.</strong></span> <span class='ocrx_word' id='word_1_145' title='bbox 2724 3135 2740 3151; x_wconf 92' lang='lat'><strong>.</strong></span> <span class='ocrx_word' id='word_1_146' title='bbox 2778 3110 2816 3150; x_wconf 64' lang='lat' dir='ltr'><strong>n</strong></span> 
     </span>
     <span class='ocr_line' id='line_1_21' title="bbox 747 3214 2565 3316; baseline -0.002 -29"><span class='ocrx_word' id='word_1_147' title='bbox 747 3215 956 3288; x_wconf 91' lang='lat' dir='ltr'><strong>Plura</strong></span> <span class='ocrx_word' id='word_1_148' title='bbox 993 3215 1413 3290; x_wconf 87' lang='lat' dir='ltr'><strong>locuturum</strong></span> <span class='ocrx_word' id='word_1_149' title='bbox 1433 3270 1455 3306; x_wconf 89' lang='lat'>‚</span> <span class='ocrx_word' id='word_1_150' title='bbox 1498 3216 1761 3316; x_wconf 86' lang='lat' dir='ltr'><strong>plausu</strong></span> <span class='ocrx_word' id='word_1_151' title='bbox 1791 3214 2236 3313; x_wconf 83' lang='lat' dir='ltr'><strong>fremituque</strong></span> <span class='ocrx_word' id='word_1_152' title='bbox 2270 3227 2565 3312; x_wconf 89' lang='lat' dir='ltr'><strong>poetam</strong></span> 
     </span>
     <span class='ocr_line' id='line_1_22' title="bbox 750 3345 2511 3447; baseline -0.002 -29"><span class='ocrx_word' id='word_1_153' title='bbox 750 3349 1138 3447; x_wconf 81' lang='lat' dir='ltr'><strong>Excipiunt</strong></span> <span class='ocrx_word' id='word_1_154' title='bbox 1154 3403 1174 3437; x_wconf 90' lang='lat'>,</span> <span class='ocrx_word' id='word_1_155' title='bbox 1219 3348 1492 3446; x_wconf 86' lang='lat' dir='ltr'><strong>talique</strong></span> <span class='ocrx_word' id='word_1_156' title='bbox 1534 3346 1752 3420; x_wconf 88' lang='lat' dir='ltr'><strong>simul</strong></span> <span class='ocrx_word' id='word_1_157' title='bbox 1786 3346 2099 3420; x_wconf 85' lang='lat' dir='ltr'><strong>clamore</strong></span> <span class='ocrx_word' id='word_1_158' title='bbox 2144 3345 2458 3419; x_wconf 86' lang='lat' dir='ltr'><strong>salutant</strong></span> <span class='ocrx_word' id='word_1_159' title='bbox 2495 3372 2511 3414; x_wconf 89' lang='lat'><strong>:</strong></span> 
     </span>
    </p>

    <p class='ocr_par' dir='ltr' id='par_1_13' title="bbox 753 3473 2696 3555">
     <span class='ocr_line' id='line_1_23' title="bbox 753 3473 2696 3555; baseline 0.002 -9"><span class='ocrx_word' id='word_1_160' title='bbox 753 3510 787 3545; x_wconf 84' lang='lat'>«</span> <span class='ocrx_word' id='word_1_161' title='bbox 825 3484 995 3551; x_wconf 87' lang='lat' dir='ltr'><strong>Fata</strong></span> <span class='ocrx_word' id='word_1_162' title='bbox 1031 3481 1220 3552; x_wconf 84' lang='lat' dir='ltr'><strong>viam</strong></span> <span class='ocrx_word' id='word_1_163' title='bbox 1255 3481 1621 3555; x_wconf 86' lang='lat' dir='ltr'><strong>invenere.</strong></span> <span class='ocrx_word' id='word_1_164' title='bbox 1657 3508 1694 3546; x_wconf 65' lang='grc' dir='ltr'><strong>ι)</strong></span> <span class='ocrx_word' id='word_1_165' title='bbox 1730 3477 1891 3551; x_wconf 89' lang='lat' dir='ltr'><strong>Tibi</strong></span> <span class='ocrx_word' id='word_1_166' title='bbox 1922 3503 2117 3552; x_wconf 82' lang='lat' dir='ltr'><strong>nova</strong></span> <span class='ocrx_word' id='word_1_167' title='bbox 2150 3492 2322 3554; x_wconf 80' lang='lat' dir='ltr'><strong>vota</strong></span> <span class='ocrx_word' id='word_1_168' title='bbox 2356 3473 2696 3550; x_wconf 81' lang='lat' dir='ltr'><strong>secundis</strong></span> 
     </span>
    </p>
   </div>
   <div class='ocr_carea' id='block_1_3' title="bbox 752 3612 2883 3712">
    <p class='ocr_par' dir='ltr' id='par_1_14' title="bbox 752 3612 2883 3712">
     <span class='ocr_line' id='line_1_24' title="bbox 752 3612 2883 3712; baseline -0.003 -28"><span class='ocrx_word' id='word_1_169' title='bbox 752 3613 1215 3711; x_wconf 86' lang='lat' dir='ltr'><strong>Ingeminant</strong></span> <span class='ocrx_word' id='word_1_170' title='bbox 1254 3613 1544 3703; x_wconf 76' lang='lat' dir='ltr'><strong>animis,</strong></span> <span class='ocrx_word' id='word_1_171' title='bbox 1575 3613 1992 3711; x_wconf 88' lang='lat' dir='ltr'><strong>iterumque</strong></span> <span class='ocrx_word' id='word_1_172' title='bbox 2028 3612 2439 3712; x_wconf 82' lang='lat' dir='ltr'><strong>iterumque</strong></span> <span class='ocrx_word' id='word_1_173' title='bbox 2473 3619 2883 3709; x_wconf 64' lang='lat' dir='ltr'><strong>precantur.</strong></span> 
     </span>
    </p>
   </div>
   <div class='ocr_carea' id='block_1_4' title="bbox 757 3873 2312 3968">
    <p class='ocr_par' dir='ltr' id='par_1_15' title="bbox 757 3873 2312 3968">
     <span class='ocr_line' id='line_1_25' title="bbox 757 3873 2312 3968; baseline 0.003 -19"><span class='ocrx_word' id='word_1_174' title='bbox 757 3883 1044 3950; x_wconf 89' lang='lat' dir='ltr'><strong>Interea</strong></span> <span class='ocrx_word' id='word_1_175' title='bbox 1059 3931 1079 3967; x_wconf 92' lang='lat'><strong><em>‚</em></strong></span> <span class='ocrx_word' id='word_1_176' title='bbox 1120 3873 1438 3950; x_wconf 82' lang='lat' dir='ltr'><strong>Lodoice</strong></span> <span class='ocrx_word' id='word_1_177' title='bbox 1457 3931 1481 3968; x_wconf 88' lang='lat'>,</span> <span class='ocrx_word' id='word_1_178' title='bbox 1514 3890 1683 3950; x_wconf 87' lang='lat' dir='ltr'><strong>tuos</strong></span> <span class='ocrx_word' id='word_1_179' title='bbox 1713 3876 2021 3952; x_wconf 83' lang='lat' dir='ltr'><strong>invisere</strong></span> <span class='ocrx_word' id='word_1_180' title='bbox 2062 3876 2312 3954; x_wconf 82' lang='lat' dir='ltr'><strong>vultus</strong></span> 
     </span>
    </p>
   </div>
   <div class='ocr_carea' id='block_1_5' title="bbox 757 4005 2856 4238">
    <p class='ocr_par' dir='ltr' id='par_1_16' title="bbox 757 4005 2856 4238">
     <span class='ocr_line' id='line_1_26' title="bbox 757 4005 2856 4111; baseline 0 -28"><span class='ocrx_word' id='word_1_181' title='bbox 757 4015 926 4083; x_wconf 87' lang='lat' dir='ltr'><strong>Non</strong></span> <span class='ocrx_word' id='word_1_182' title='bbox 968 4009 1104 4084; x_wconf 81' lang='lat' dir='ltr'><strong>sibi</strong></span> <span class='ocrx_word' id='word_1_183' title='bbox 1146 4009 1252 4086; x_wconf 80' lang='lat' dir='ltr'><strong>fas</strong></span> <span class='ocrx_word' id='word_1_184' title='bbox 1287 4026 1668 4111; x_wconf 85' lang='lat' dir='ltr'><strong>reputant,</strong></span> <span class='ocrx_word' id='word_1_185' title='bbox 1714 4035 1904 4111; x_wconf 82' lang='lat' dir='ltr'><strong>quos</strong></span> <span class='ocrx_word' id='word_1_186' title='bbox 1944 4011 2093 4088; x_wconf 79' lang='lat' dir='ltr'><strong>sive</strong></span> <span class='ocrx_word' id='word_1_187' title='bbox 2125 4008 2440 4090; x_wconf 79' lang='lat' dir='ltr'><strong>absurda</strong></span> <span class='ocrx_word' id='word_1_188' title='bbox 2465 4005 2814 4084; x_wconf 83' lang='lat' dir='ltr'><strong>docentes</strong></span> <span class='ocrx_word' id='word_1_189' title='bbox 2834 4061 2856 4098; x_wconf 92' lang='lat'>‚</span> 
     </span>
     <span class='ocr_line' id='line_1_27' title="bbox 762 4139 2654 4238; baseline 0.001 -24"><span class='ocrx_word' id='word_1_190' title='bbox 762 4144 925 4217; x_wconf 85' lang='lat' dir='ltr'><strong>Sive</strong></span> <span class='ocrx_word' id='word_1_191' title='bbox 968 4142 1343 4238; x_wconf 83' lang='lat' dir='ltr'><strong>obscoena‚</strong></span> <span class='ocrx_word' id='word_1_192' title='bbox 1381 4159 1514 4220; x_wconf 80' lang='lat' dir='ltr'><strong>tuo</strong></span> <span class='ocrx_word' id='word_1_193' title='bbox 1549 4143 1846 4222; x_wconf 68' lang='lat' dir='ltr'><strong>voluisti</strong></span> <span class='ocrx_word' id='word_1_194' title='bbox 1889 4142 2272 4221; x_wconf 78' lang='lat' dir='ltr'><strong>excludere</strong></span> <span class='ocrx_word' id='word_1_195' title='bbox 2314 4139 2583 4219; x_wconf 75' lang='lat' dir='ltr'><strong>Pindo:</strong></span> <span class='ocrx_word' id='word_1_196' title='bbox 2605 4140 2654 4188; x_wconf 76' lang='lat'><strong>¹⁸</strong></span> 
     </span>
    </p>
   </div>
  </div>
 </body>
</html>
