3111 5147
771 538 913 621 144
1020 536 1149 604 ·c.
1203 535 1483 604 JUL11
1539 533 1998 604 GAEsAlus
2055 506 2632 603 COMMENT.

758 666 1130 760 frequentes
1143 721 1163 755 ,
1188 667 1493 736 omnibus
1535 665 1939 761 principibus
1982 663 2468 758 majoribusque
2499 677 2662 732 natu
2693 660 2875 732 adhi-

754 772 938 860 bitis,
969 773 1052 841 ad
1083 798 1236 842 eum
1277 774 1345 841 in
1378 787 1593 845 castra
1622 755 2015 858 venerunt⁶3
2044 769 2267 857 simul,
2294 784 2369 839 ut
2397 769 2758 855 dicebatur,
2781 769 2880 845 sui

754 878 1081 974 purgandi
1120 902 1348 965 causa,
1376 877 1555 971 quod
1599 892 1864 965 contra,
1894 890 2091 970 atque
2144 891 2313 945 esset
2365 875 2612 945 dictum
2657 890 2727 944 et
2757 875 2880 968 ipsi

663 981 667 984 ’
753 985 1101 1079 petissent,
1134 983 1429 1079 praeliurn
1470 982 1679 1077 pridie
1720 983 2228 1070 commisissent3
2260 979 2451 1050 simul
2485 996 2594 1069 ut,
2631 982 2684 1050 si
2723 979 2880 1075 quid

754 1105 1057 1183 possent,
1083 1090 1166 1158 de
1194 1088 1467 1159 induciis
1498 1088 1782 1157 fallendo
1812 1091 2258 1182 impetrarent.
2288 1089 2476 1176 Quos
2508 1087 2625 1156 sihi
2658 1088 2880 1156 Caesar

753 1192 1009 1264 oblatos
1061 1196 1318 1293 gavisus
1331 1195 1380 1282 ⁷,
1407 1194 1550 1264 illos
1590 1195 1855 1263 retineri
1899 1195 2133 1288 jussit;
2173 1194 2311 1288 ipse
2365 1217 2593 1261 ornnes
2655 1193 2877 1287 copias

752 1302 982 1369 castris
1010 1301 1234 1371 eduxit
1252 1354 1271 1388 ,
1288 1303 1814 1395 equitatumque,
1844 1299 2022 1393 quod
2053 1299 2300 1366 recenti
2328 1296 2554 1392 praelio
2578 1299 2876 1391 perterri-

752 1419 895 1473 tum
937 1430 1075 1475 esse
1116 1405 1559 1492 existimabat,
1582 1427 1819 1497 agmen
1861 1404 2166 1495 subsequi
2194 1403 2401 1495 jussit.

858 1512 1041 1579 XIV.
1084 1511 1241 1579 Acie
1282 1508 1518 1605 triplici
1555 1510 1849 1578 instituta
1867 1506 1913 1596 ¹,
1952 1522 2021 1577 et
2063 1507 2360 1577 celeriter
2398 1510 2567 1577 VIII
2600 1507 2871 1578 millium

750 1617 978 1684 itinere
1015 1616 1348 1703 confecto,
1374 1616 1554 1709 prius
1587 1613 1672 1682 ad
1697 1612 1985 1683 hostium
2018 1627 2232 1683 castra
2247 1611 2266 1637 ²
2292 1615 2624 1708 pervenit,
2643 1638 2869 1709 quam,

746 1723 908 1816 quid
959 1737 1299 1817 ageretur,
1336 1721 1650 1789 Germani
1712 1721 1951 1788 sentire
2000 1733 2285 1815 possent.
2342 1721 2521 1808 Qui,
2569 1720 2868 1790 omnibus

750 1828 948 1898 rebus
972 1828 1186 1897 subito
1210 1827 1561 1922 perterriti,
1588 1840 1656 1893 et
1677 1824 2007 1895 celeritate
2038 1825 2356 1917 adventus
2379 1828 2584 1895 nostri
2601 1880 2620 1914 ,
2647 1840 2714 1894 et
2740 1825 2865 1894 dis-

752 2019 971 2071 Vossius
1005 2018 1235 2071 restituit
1256 2034 1375 2088 quas
1405 2017 1768 2090 perspicuitati
1853 2017 1996 2071 enim
2024 2019 2201 2072 locum
2229 2017 2462 2090 pertinet
2489 2017 2708 2089 quoestio
2732 2036 2747 2071 ε
2782 2018 2866 2071 An

749 2097 1003 2150 orationis
1025 2097 1311 2151 necessaria
1334 2108 1428 2150 est.
1839 2096 2052 2168 perfidia
2066 2103 2116 2150 in
2138 2096 2371 2170 perfidum
2394 2103 2467 2149 uti
2488 2098 2689 2149 deceat?
2706 2097 2866 2150 Mini-

832 2181 885 2230 6.
913 2176 1006 2229 Ad
1018 2196 1120 2228 eum
1141 2180 1191 2228 in
1213 2189 1371 2228 castra
1394 2189 1640 2229 venerunt.
1659 2177 1766 2229 Te·
1850 2194 2094 2230 metuam
2115 2178 2306 2231 Caesari
2324 2177 2435 2229 aliae
2450 2190 2597 2230 erant
2621 2175 2864 2229 vincendi

749 2274 896 2310 mere
919 2256 1031 2309 sine
1049 2254 1215 2309 dubio
1236 2269 1289 2309 et
1308 2255 1703 2327 imprudenter,
1719 2257 1766 2310 si
1849 2256 1966 2323 vio,
1983 2269 2036 2309 et
2059 2254 2276 2328 quidem
2302 2257 2472 2310 multo
2483 2256 2863 2329 prestantiores
2973 2283 2978 2287 ·

746 2335 984 2408 perfidia
1006 2336 1107 2389 sibi
1135 2336 1331 2390 conscii
1361 2336 1597 2389 fuissent.
1624 2338 1769 2387 Atta·

629 2441 632 2445 ’
747 2432 870 2469 men
895 2416 1045 2468 aliter
1072 2434 1155 2467 res
1179 2429 1292 2468 acta
1315 2412 1525 2467 videtur
1544 2428 1630 2467 :et
1654 2414 1766 2467 Cae-

746 2513 831 2547 sar
849 2495 953 2547 hoc
975 2494 1094 2546 loco
1120 2494 1309 2545 merito
1335 2494 1390 2545 in
1410 2492 1763 2564 suspicionem

744 2576 893 2627 venit
906 2575 1055 2626 mala
1071 2570 1214 2625 fidei.
1234 2572 1337 2625 Dio
1354 2573 1496 2626 Cass.
1515 2572 1553 2625 l.
1569 2591 1759 2640 xxxrx,

744 2659 821 2723 47
843 2689 859 2716 ,
888 2656 1013 2717 48„
1048 2650 1286 2704 disertim
1340 2652 1439 2716 ait,
1468 2652 1760 2723 equitatum

744 2749 1022 2783 romanum
1032 2749 1060 2782 a
1068 2729 1454 2783 Germanorum
1460 2730 1761 2800 junioribus

742 2810 801 2861 in
832 2809 1007 2880 fugam
1034 2811 1359 2878 conjectum3
1394 2827 1501 2860 non
1525 2810 1758 2879 proban-

743 2888 885 2940 tibus
903 2887 960 2940 id
984 2888 1276 2941 senioribus
1289 2926 1304 2952 ‚
1324 2906 1457 2958 quos
1477 2888 1658 2940 invitis
1677 2890 1759 2959 ju·

736 2967 983 3020 nior-ibus
1023 2965 1265 3020 maleficii
1293 2965 1575 3020 excusandi
1605 2984 1760 3020 eausa

739 3044 809 3099 ad
853 3047 1109 3099 Caesarem
1146 3046 1410 3117 profectos
1449 3045 1597 3099 dicit.
1645 3043 1756 3100 Hos

737 3126 901 3198 igitur
916 3127 1169 3191 seniores,
1182 3127 1376 3196 legatos
1391 3123 1754 3196 deprecatores

737 3206 983 3271 retinuit,
1014 3218 1066 3257 et
1106 3207 1303 3258 interea
1343 3205 1471 3256 vicit
1516 3223 1606 3257 eos
1649 3223 1752 3275 pro

734 3285 930 3357 quibus
956 3298 1208 3337 venerant
1234 3283 1583 3354 deprecaturi.
1609 3282 1751 3335 Plut.

736 3364 795 3416 in
821 3366 1008 3418 Caesar.
1035 3382 1081 3416 c.
1112 3383 1210 3427 υ,
1236 3362 1425 3433 repetit
1446 3360 1664 3432 quidem
1686 3381 1751 3414 ex

731 3443 791 3495 h.
819 3445 855 3495 l.
888 3461 1004 3513 quae
1042 3444 1224 3495 Caesar'
1241 3438 1310 3493 de
1338 3439 1558 3510 perfidia
1583 3459 1746 3511 germ.

733 3523 965 3586 narrat&
980 3524 1174 3591 Καῖσαρ
1196 3524 1244 3572 ἐν
1270 3523 1381 3580 ταῖς
1397 3521 1642 3590 ἐφημερίσι
1670 3522 1751 3591 γε’-

731 3620 934 3673 γραφινς
950 3598 1041 3651 sed
1066 3598 1211 3651 addit
1227 3617 1241 3651 ε
1257 3599 1546 3652 Canusium
1569 3617 1748 3670 quem-

730 3681 855 3733 dam
887 3677 1159 3731 tradidisse
1187 3696 1301 3730 eam
1327 3696 1443 3729 rem
1471 3691 1746 3749 tantopere

733 3758 922 3815 Catoni
992 3756 1315 3810 sanctissimo
1383 3759 1745 3809 Romanorum

726 3836 1176 3910 displicuisse,ut,
1198 3855 1320 3889 cum
1333 3849 1540 3890 senatus
1553 3837 1744 3889 Caesari

726 3917 1135 3990 supplicationes
1172 3915 1477 3969 decerneret
1517 3916 1589 3968 ob
1611 3917 1741 3969 -vic·

727 3998 917 4053 toi-iam
934 4014 1082 4049 suam
1096 3994 1165 4050 de
1182 3996 1459 4049 Germanis
1470 4033 1487 4059 ,
1505 4013 1609 4067 pro
1627 4013 1741 4048 sen-

725 4078 886 4130 tentia
905 4074 1121 4128 dixerit:
1137 4077 1394 4129 Caesarem
1415 4094 1566 4127 reum
1579 4095 1740 4145 παρα·

725 4150 1075 4225 «nova-»Suam
1088 4190 1106 4218 ‚
1123 4153 1304 4208 violati
1319 4154 1452 4224 juris
1467 4153 1704 4223 gentium
1718 4191 1736 4220 ,

722 4234 961 4288 hostibus
986 4253 1098 4288 esse
1122 4231 1442 4288 dedendum.
1479 4231 1566 4285 Ad
1592 4233 1736 4287 hunc

1848 2354 2009 2407 quam
2031 2335 2269 2413 perfidia.
2361 2346 2371 2355 “

1937 2435 1991 2486 7.
2038 2414 2260 2469 Gavisa-5.
2309 2412 2481 2467 codd.
2527 2414 2637 2467 fere
2677 2432 2860 2467 omnes

1844 2499 2067 2563 gravius,
2095 2495 2317 2566 pessime
2342 2505 2394 2546 et
2423 2493 2535 2546 sine
2564 2513 2734 2548 sensu.
2760 2494 2858 2545 Gr.

1845 2573 2065 2646 interpr.
2079 2577 2277 2635 Τούτοις
2293 2568 2353 2626 <N
2367 2578 2603 2644 παροῦσιν
2622 2577 2646 2626 ὁ
2662 2576 2856 2643 Καῖσαρ

1842 2654 2036 2718 ἧσθέις,
2068 2656 2270 2715 ἐκείνους
2304 2653 2391 2724 μὲν
2433 2656 2692 2721 κατέσχεν.
2723 2653 2858 2706 Item

1843 2732 2011 2783 nostri
2038 2729 2193 2784 codd.
2223 2750 2363 2802 regg.
2389 2736 2584 2800 gravius
2597 2770 2611 2790 ,
2641 2744 2855 2802 excepto

1843 2810 1963 2862 cod.
1990 2811 2139 2879 5764
2155 2811 2398 2880 ,optima
2417 2822 2578 2873 notae,
2598 2808 2773 2880 inquo
2790 2811 2860 2862 le·

1841 2888 2005 2958 gitur:
2026 2890 2160 2957 Quos
2184 2889 2278 2940 sibi
2304 2887 2473 2940 Coesar
2499 2888 2685 2940 oblatos
2702 2894 2855 2960 gat-is.

1841 2967 1950 3018 illos
1956 3005 1972 3030 ,
1994 2979 2082 3020 etc.
2103 2967 2273 3040 Supra
2286 3006 2302 3033 ,
2319 2965 2410 3020 sed
2430 2967 2679 3021 scribitur
2695 2970 2855 3023 altera

1835 3063 2029 3113 manu,
2062 3051 2274 3116 gravem.

1919 3127 2048 3178 Cn».
2076 3127 2227 3179 XIV.
2257 3144 2308 3178 1.
2325 3126 2573 3179 Instituta.
2593 3126 2674 3178 Ita
2693 3126 2854 3180 codd.

1836 3205 2006 3258 nostri
2043 3218 2097 3258 et
2136 3223 2319 3257 omnes
2356 3207 2423 3256 ab
2466 3203 2855 3276 Oudendorpio

1836 3282 1999 3337 citati.
2013 3285 2233 3348 Clarke,
2249 3282 2357 3336 fide
2380 3282 2497 3337 cod.
2522 3284 2668 3355 Regii
2689 3286 2857 3353 angli-

1834 3364 1976 3424 cani,
1995 3364 2230 3434 reposuit
2246 3362 2618 3416 butt-actaNid.
2635 3363 2733 3426 111,
2751 3381 2778 3413 ²
2791 3371 2849 3426 4.

1919 3462 1970 3494 2.
1983 3442 2078 3494 Ad
2091 3443 2292 3494 hostium
2314 3455 2492 3495 eastra.
2511 3443 2586 3495 Ex
2606 3440 2849 3495 hocloco

1832 3533 1885 3573 et
1934 3521 2072 3572 libro
2112 3522 2289 3592 primo
2321 3534 2526 3574 constat
2570 3521 2852 3574 Germanis

1831 3600 1988 3654 fuisse
2044 3618 2378 3654 communem
2437 3620 2559 3654 cum
2600 3602 2854 3654 Romanis

1829 3679 2241 3733 muniendorum
2273 3694 2564 3733 castrorum
2613 3698 2851 3745 moremg

1830 3757 2008 3811 Gallos
2038 3772 2222 3812 contra
2251 3779 2403 3823 raro,
2443 3772 2534 3811 aut
2571 3777 2850 3830 nunquam

1828 3838 2008 3890 castris
2031 3857 2182 3903 usos,
2207 3859 2298 3893 seu
2327 3839 2521 3891 laboris
2549 3851 2723 3901 metu,
2748 3857 2849 3891 seu

1828 3915 2145 3970 confidentia
2172 3920 2364 3972 virium
2392 3936 2605 3971 suarum
2633 3930 2684 3970 et
2713 3935 2847 3970 con·

1825 4007 2029 4068 temptu
2069 3998 2320 4052 hostium.
2365 3998 2612 4050 Ceterum
2651 4015 2848 4067 parum

1824 4077 2848 4141 munitafinenthermanommmu-a,

1823 4168 1877 4208 et
1891 4157 2079 4221 carris,
2097 4157 2445 4228 plaustrisque
2471 4152 2845 4211 tantummodo

1821 4233 2159 4292 circumdata.
