3111 5147
1008 517 1082 584 C.
1138 518 1424 585 JULII
1480 516 1953 585 CAESARIS
2008 514 2559 585 COMMENT.

729 647 1013 717 vinciam
1057 673 1175 742 per
1216 650 1353 718 vim
1395 662 1786 717 tentassent·
1772 646 1996 741 ,quod
2036 645 2283 715 AEduos
2303 645 2530 740 ,quod
2575 644 2868 714 Ambar-

727 779 838 823 ros
879 739 933 842 ⁵,
942 755 1153 883 45(Ῑιιοό
1210 753 1600 848 Allobrogas
1657 766 2045 840 vexassent,
2086 754 2471 821 memoriam
2523 751 2872 846 deponere

726 885 920 955 posse
942 846 1016 928 6Ξ)
1044 860 1248 949 Quod
1307 884 1425 929 sua
1482 862 1759 929 victoria
1800 874 1935 928 tam
1989 857 2341 927 insolenter
2383 857 2867 952 gloriarentur,

727 966 1036 1060 quodque
1094 981 1230 1034 tam
1291 966 1404 1035 diu
1456 991 1525 1034 se
1568 968 1835 1061 impune
1876 963 2099 1035 tulisse
2140 965 2410 1058 injurias
2451 964 2864 1033 admiraren-

726 1087 860 1160 tur,
883 1071 1115 1140 eodem
1144 1072 1517 1166 pertinere⁷
1538 1096 1933 1141 :consuesse
1968 1073 2144 1139 enim
2173 1073 2356 1140 Deos
2379 1056 2840 1139 immortales⁸
2841 1122 2864 1157 ,

726 1203 862 1271 quo
911 1179 1174 1270 gravius
1226 1179 1525 1248 homines
1579 1203 1661 1247 ex
1723 1179 2236 1246 commutatione
2287 1201 2508 1245 rerum
2560 1175 2863 1262 doleant,

726 1308 895 1376 quos
946 1308 1069 1377 pro
1120 1284 1362 1354 scelere
1417 1309 1648 1354 eorum
1708 1282 1934 1353 ulcisci
1993 1281 2227 1371 velint,
2277 1282 2380 1352 his
2433 1282 2864 1351 secundiores

726 1389 1059 1458 interdum
1120 1414 1222 1458 res
1278 1405 1345 1460 et
1408 1390 1885 1459 diuturniorem
1945 1391 2400 1483 impunitatem
2470 1387 2858 1458 concedere.

727 1496 957 1584 Quum
999 1519 1077 1563 ea
1128 1498 1218 1564 ita
1262 1499 1425 1585 sint,
1469 1512 1723 1584 tamen,
1762 1498 1814 1565 si
1858 1496 2117 1565 obsides
2169 1495 2254 1563 ab
2299 1496 2377 1564 iis
2417 1494 2540 1564 sibi
2582 1494 2861 1583 dentur,

725 1604 821 1671 uti
893 1625 1009 1690 ea,
1081 1627 1224 1695 quae
1293 1600 1728 1697 polliceantur
1752 1600 1779 1639 ⁹
1799 1655 1818 1689 ,
1882 1602 2172 1670 facturos
2242 1598 2595 1695 intelligat3
2656 1615 2724 1668 et
2801 1603 2859 1669 si

724 1707 952 1776 AEduis
1014 1706 1096 1775 de
1157 1707 1442 1800 injuriiS,
1500 1732 1665 1801 quas
1724 1709 1879 1801 ipsis
1952 1708 2271 1801 sociisque
2326 1730 2557 1775 eorum
2611 1704 2858 1775 intule-

725 1815 892 1901 rint3
935 1815 1093 1881 item
1142 1815 1193 1880 si
1238 1812 1705 1907 Allobrogibus
1756 1811 2194 1899 satisfaciant,
2237 1836 2376 1882 sese
2421 1837 2574 1881 cum
2617 1813 2696 1881 iis
2735 1836 2856 1906 pa·

724 1943 871 1987 cem
915 1942 1063 1986 esse
1098 1917 1444 1987 facturum.
1492 1935 1528 1970 >³
1580 1919 1820 1987 Divico
1862 1916 2198 2011 respondit
2236 1943 2251 1984 :
2295 1947 2329 1982 «
2370 1921 2475 1986 Ita
2516 1916 2858 1988 Helvetios

727 2047 767 2090 a
825 2023 1185 2115 majoribus
1242 2027 1374 2093 suis
1428 2025 1760 2093 institutos
1819 2046 1959 2091 esse
1979 2076 2000 2111 ,
2054 2025 2151 2091 uti
2207 2023 2465 2093 obsides
2518 2026 2858 2118 accipere,

728 2154 864 2197 non
906 2129 1064 2199 dare
1079 2185 1099 2218 ,
1138 2132 1525 2200 consuerint
1566 2155 1581 2198 ε
1626 2130 1765 2222 ejus
1809 2131 1900 2198 rei
1950 2127 2269 2223 populum
2318 2154 2667 2199 romanum
2714 2155 2860 2201 esse
2879 2151 2899 2164 “

727 2249 978 2306 testem.
1018 2254 1053 2289 ²>

836 2346 987 2413 XV.
1034 2346 1181 2411 Hoc
1225 2367 1542 2437 responso
1587 2342 1741 2411 dato
1758 2394 1777 2429 ‚
1806 2341 2119 2411 discessit.
2167 2345 2437 2413 Postero
2486 2343 2593 2412 die
2636 2358 2860 2413 castra

730 2473 811 2533 ex
853 2472 934 2517 eo
979 2448 1126 2518 loco
1161 2463 1465 2517 movent:
1497 2449 1672 2517 idem
1711 2452 1935 2517 Caesar
1969 2448 2161 2537 facit,
2189 2452 2682 2545 equitatumque
2712 2474 2858 2519 om—

731 2579 919 2642 nem,
951 2554 1036 2622 ad
1064 2580 1414 2623 numerum
1454 2569 1739 2649 quatuor
1775 2552 2087 2643 millium,
2120 2580 2315 2651 quem
2358 2582 2439 2625 ex
2481 2558 2663 2626 omni
2692 2558 2858 2627 Pro—

730 2661 948 2728 vincia
973 2659 991 2683 ¹
1038 2675 1104 2729 et
1147 2662 1372 2730 AEduis
1409 2675 1606 2755 atque
1658 2685 1887 2730 eorum
1940 2662 2131 2730 sociis
2186 2677 2488 2731 coactum
2531 2663 2860 2754 habebat,

731 2768 1103 2862 praemittit,
1131 2769 1243 2862 qui
1267 2767 1567 2856 videant,
1601 2791 1762 2863 quas
1806 2770 1874 2835 in
1913 2782 2139 2862 partes
2182 2768 2403 2839 hostes
2435 2771 2559 2838 iter
2587 2769 2883 2840 faciant.-

736 538 833 586 20

819 2951 869 3003 5.
891 2949 1042 3021 Quod
1060 2950 1282 3014 AEduos,
1312 2951 1443 3024 quod
1462 2950 1743 3004 Ambarros.

735 3028 877 3082 Vide
903 3048 1060 3102 supra
1086 3050 1132 3085 c.
1166 3049 1242 3096 11,
1265 3044 1318 3084 et
1346 3031 1422 3083 ibi
1449 3043 1648 3084 notam.

817 3114 870 3164 6.
911 3112 1083 3163 Posse.
1115 3110 1199 3164 Sic
1242 3110 1455 3182 quidem
1499 3109 1656 3163 codd.
1695 3122 1749 3162 et

735 3202 935 3243 veteres
965 3189 1086 3242 edd.
1119 3189 1211 3243 sed
1246 3191 1404 3261 vulgo
1427 3201 1610 3261 posset,
1644 3207 1751 3241 me·

734 3269 837 3321 lius
866 3269 1039 3338 inquit
1074 3268 1253 3322 Oherl.
1288 3270 1478 3322 Clarke
1519 3269 1750 3322 restituit

728 3367 890 3419 posse,
911 3349 1169 3420 probante
1192 3346 1537 3418 Oudendorp.
1558 3347 1610 3400 si
1636 3366 1747 3400 me·

734 3425 838 3484 lius
866 3439 1047 3498 posset,
1089 3439 1147 3478 ut
1175 3439 1252 3479 est
1276 3428 1474 3497 reipsa,
1513 3444 1609 3479 cur
1639 3446 1747 3479 non

733 3508 1099 3561 restitueretur
1117 3505 1139 3557 Ξ)
1155 3506 1236 3558 Ex
1256 3507 1449 3559 nostris
1471 3503 1627 3558 codd.
1658 3507 1748 3558 alii

722 3606 889 3658 posse,
922 3586 1010 3639 alii
1030 3598 1209 3658 posset.

816 3686 870 3737 7.
895 3666 1081 3718 Eodem
1094 3669 1345 3736 pertinen.
1364 3662 1618 3716 Eamdem
1638 3664 1748 3716 vim

733 3746 928 3799 habere
957 3747 1013 3797 in
1045 3746 1279 3798 animum
1314 3744 1559 3810 Caesaris,
1588 3762 1750 3815 quare

731 3825 798 3878 iis
823 3843 1006 3897 pacem
1031 3843 1141 3877 non
1168 3822 1493 3878 concederet.

744 3897 752 3904 ’
814 3905 867 3956 8.
914 3904 1169 3962 Consuesse
1192 3905 1304 3956 deos
1325 3903 1627 3967 immortales,
1653 3915 1742 3956 etc.

733 3982 1019 4038 verissima
1045 3984 1300 4038 sententia
1337 4002 1351 4037 ε
1386 4003 1541 4049 nam,
1577 3995 1636 4035 ut
1675 3983 1747 4034 ait

731 4073 879 4113 vetus
922 4069 1077 4131 poeta
1098 4101 1116 4129 ,
1154 4065 1219 4116 ab
1266 4065 1481 4117 Aristot.
1524 4062 1744 4128 citatus,

732 4137 1061 4193 Rhetoricor.
1096 4159 1139 4192 11
1154 4178 1171 4208 ,
1203 4150 1292 4206 24.

730 4233 930 4292 Πολλοῖς
944 4234 968 4283 6
985 4228 1178 4302 δαίμων
1195 4237 1247 4286 οὐ
1262 4244 1377 4289 κατ’
1394 4238 1577 4292 ιῦνοιαν
1594 4239 1741 4307 φέρων

728 4319 942 4390 Μεγάλαι
964 4315 1170 4376 δίδωσιν
1185 4323 1515 4393 somnians,
1536 4325 1643 4379 ‘iu’
1662 4326 1743 4378 ἵνα

1832 2948 1933 3011 Τὰς
1959 2950 2206 3021 συμφορὰς
2230 2948 2446 3004 λάὸωσιν
2478 2953 2832 3024 ίπιφανεςίρας
2849 2993 2860 3004 .

1832 3045 2085 3100 Eamdem
2107 3049 2419 3100 sententiam
2436 3048 2760 3104 Claudianus
2773 3051 2862 3105 his

1833 3128 2082 3198 expressit
2103 3129 2371 3181 versibus:
2390 3129 2446 3180 in
2468 3130 2590 3182 Rus.
2614 3131 2661 3183 1.
2687 3149 2741 3184 v.
2755 3150 2857 3184 ιο.

2293 3214 2520 3260 tolluntur
2536 3215 2584 3260 in
2603 3215 2772 3271 altum,

1927 3283 1995 3328 Ut
2016 3283 2148 3344 lapsu
2169 3284 2379 3344 graviore
2399 3294 2538 3332 ruant
2555 3318 2763 3332 .......

1833 3369 1975 3423 Vide
2011 3372 2278 3425 Plutarch.
2320 3371 2389 3426 de
2425 3392 2542 3427 sera
2592 3373 2688 3426 Dei
2729 3374 2856 3427 vin·

1835 3447 1991 3502 dicta.
2024 3451 2143 3504 val.
2174 3453 2249 3505 M.
2280 3454 2317 3505 l.
2349 3471 2403 3518 1,
2435 3472 2479 3506 c.
2510 3471 2575 3505 11.

1917 3548 1969 3597 9.
2001 3530 2090 3581 Uti
2098 3551 2154 3582 ea
2171 3551 2277 3604 quoe
2291 3533 2624 3603 polliceantur.
2651 3532 2861 3606 Nempe

1834 3608 1891 3660 in
1925 3627 2040 3661 eam
2076 3623 2280 3681 partem
2315 3611 2512 3677 ituros,
2541 3612 2638 3665 ubi
2683 3612 2860 3666 Cesar

1835 3688 2199 3742 constituisset.
2238 3688 2365 3743 Vid.
2411 3710 2553 3763 supr.
2593 3691 2722 3744 Post
2759 3709 2859 3745 vo·

1835 3786 1951 3821 cem
1979 3788 2060 3831 ea,
2096 3767 2229 3823 eod.
2259 3771 2323 3823 R.
2355 3772 2533 3841 5770,
2566 3768 2717 3823 addit
2743 3790 2809 3825 se.

1913 3848 2041 3902 Cu’.
2071 3850 2195 3902 XV.
2233 3867 2280 3902 1.
2315 3851 2466 3918 Quem
2485 3869 2545 3901 ex
2572 3855 2704 3901 omni
2718 3850 2853 3902 Pro-

1834 3931 1999 3981 vincia.
2053 3929 2304 3982 Romanis
2365 3927 2631 4001 pedestres
2685 3931 2859 4000 oopioe

1831 4019 1981 4059 erant
2004 4008 2247 4078 optimo,
2268 4006 2360 4061 sed
2387 4009 2423 4061 ii
2454 4010 2674 4062 minime
2697 4010 2856 4078 equi·

1831 4097 1943 4139 tatu
1968 4087 2225 4140 valebant.
2261 4089 2599 4160 Quapropter
2631 4086 2856 4141 auxilia·

1830 4166 1977 4220 ribus
2012 4167 2304 4237 equitibus,
2337 4166 2501 4222 Gallis
2527 4167 2854 4241 praesertim,

1830 4246 2128 4299 utebantur.
2147 4245 2288 4298 Gon.
2302 4278 2384 4289 -—
2397 4248 2484 4300 Ea
2504 4253 2635 4303 omni
2647 4249 2858 4303 Pmou-

1829 4330 1921 4380 οἱα.
1947 4325 2072 4379 Scil.
2103 4324 2419 4380 Narbonensi.
