3111 5147
614 595 754 663 DE
808 593 1155 661 BELLO
1209 594 1706 664 GALLICO.
1765 599 1956 667 LIB.
2013 600 2156 669 111.
2313 627 2450 700 117

323 751 559 798 omnes
601 727 800 795 etiam
840 725 1159 820 gravioris
1209 725 1415 795 aetatis
1434 779 1454 814 ,
1492 727 1560 795 in
1614 727 1852 822 quibus
1906 728 2148 825 aliquid
2208 733 2459 803 consilii

318 848 441 903 aut
488 833 821 929 dignitatis
882 831 1039 920 fuit,
1067 857 1148 901 eo
1203 847 1691 922 convenerant;
1734 850 1874 907 tum
1893 890 1913 924 ,
1955 839 2222 906 navium
2279 840 2458 934 quod

320 941 572 1034 ubique
613 939 859 1026 fuerat,
890 962 1098 1007 unum
1125 940 1193 1006 in
1221 935 1441 1008 locum
1472 956 1826 1034 coegerant
1856 968 1870 1009 ε
1907 942 2143 1036 quibus
2171 946 2459 1034 amissis,

318 1046 559 1140 reliqui
573 1099 594 1134 ,
621 1069 835 1139 neque
894 1069 1025 1138 quo
1087 1070 1156 1114 se
1211 1046 1614 1140 reciperent,
1643 1071 1856 1141 neque
1901 1049 2457 1171 quemadmodum

322 1152 572 1249 oppida
625 1149 1096 1238 defenderent,
1124 1150 1473 1219 habebant.
1528 1154 1761 1246 Itaque
1817 1178 1886 1223 se
1935 1178 2182 1248 suaque
2237 1159 2461 1226 omnia

323 1258 572 1328 Caesari
613 1255 1021 1327 dediderunt.
1048 1257 1129 1324 In
1154 1281 1320 1350 quos
1346 1282 1427 1325 eo
1455 1259 1720 1351 gravius
1743 1261 1966 1328 Caesar
1989 1260 2458 1332 vindicandum

322 1366 590 1451 statuit,
618 1388 751 1457 quo
778 1360 1200 1456 diligentius
1183 1387 1250 1429 in
1293 1355 1619 1455 reliquum
1654 1378 1913 1482 tempus
1949 1389 1988 1433 a
2023 1365 2371 1437 barbaris
2347 1394 2457 1462 jus

322 1469 694 1565 legatorum
737 1483 1257 1539 conservaretur.
1287 1470 1553 1563 Itaque,
1585 1470 1769 1541 omni
1794 1485 2025 1539 senatu
2050 1488 2324 1562 necato,
2354 1500 2456 1544 re-

319 1575 533 1672 liquos
575 1575 700 1645 sub
742 1598 989 1643 corona
1031 1571 1360 1643 vendidit²
1366 1627 1380 1641 .

426 1684 652 1751 XVII.
698 1682 880 1750 Dum
923 1679 1065 1750 haec
1104 1681 1171 1747 in
1201 1681 1471 1749 Venetis
1513 1695 1854 1774 geruntur,
1882 1682 1965 1769 Q.
2011 1684 2302 1757 Titurius
2336 1688 2452 1754 Sa·

320 1787 554 1857 binus‘
593 1813 748 1858 cum
790 1788 866 1856 iis
909 1787 1145 1881 copiis»,
1181 1810 1345 1881 quas
1386 1809 1425 1854 a
1469 1787 1728 1856 Caesare
1771 1803 2145 1882 acceperat,
2181 1790 2249 1858 in
2288 1790 2453 1861 fines

326 1892 723 1963 Unellorum
767 1894 1083 1987 pervenit.
1129 1893 1248 1962 His
1288 1906 1570 1986 praeerat
1585 1891 1930 1961 Viridovix
1943 1891 1989 1982 ²,
2016 1918 2094 1963 ac
2124 1918 2453 1966 summam

324 2001 591 2093 imperii
636 1998 904 2097 tenebat
955 2022 1184 2067 earum
1239 1999 1535 2068 omnium
1586 1998 1924 2069 civitatum
1943 2052 1962 2087 ,
1996 2006 2143 2094 (Iuae
2196 1999 2452 2072 defece-

324 2120 488 2175 rant
510 2158 529 2193 ,
563 2130 640 2174 ex
682 2104 927 2207 ‘quibus
982 2106 1341 2177 exercitum
1397 2128 1798 2198 magnasque
1859 2107 2082 2201 copias
2126 2124 2450 2202 coegerat.

327 2212 552 2305 Atque
586 2210 680 2281 his
719 2211 946 2306 paucis
989 2208 1218 2280 diebus
1259 2208 1522 2284 Aulerci
1561 2209 1996 2301 Eburovices»,
2023 2215 2455 2308 Lexoviique‚

325 2421 509 2456 versus
521 2405 754 2456 Venetos
772 2400 956 2456 videre
971 2413 1050 2456 est
1067 2399 1208 2474 apud
1226 2401 1349 2453 Plu·

320 2482 569 2536 tax-chum
592 2500 608 2535 z
629 2501 697 2535 an
728 2493 949 2555 propter
973 2479 1166 2535 cedem
1196 2499 1345 2533 sena·

320 2575 501 2616 torum
517 2602 534 2629 ,
554 2562 899 2617 necessariam
918 2562 1081 2627 sorte,
1099 2558 1191 2614 sed
1209 2559 1349 2614 nihi·

317 2642 554 2696 lominus
585 2641 825 2695 odiosam
846 2680 864 2708 ,
906 2661 1023 2713 quae
1069 2640 1347 2693 victoriam

321 2723 545 2776 Caesaris
569 2723 891 2788 cruentavit,
905 2723 1188 2793 ignoratur.
1199 2721 1346 2771 Atta·

319 2821 445 2854 men
464 2802 783 2855 Plutarchus
812 2819 871 2853 ea
907 2813 1048 2853 certe
1079 2811 1348 2870 acceperat

322 2882 408 2935 vel
431 2901 495 2935 ex
514 2880 735 2935 Caesaris
752 2879 1167 2943 commentariis,
1180 2878 1262 2930 vel
1282 2897 1348 2931 ex

320 2962 430 3014 alio
436 2962 715 3034 scriptore,
724 2959 1011 3033 prasertim
1025 2956 1350 3024 exTanusio,

319 3043 523 3113 abipso
540 3041 595 3093 in
624 3041 730 3092 vita
751 3038 967 3092 Caesaris
988 3039 1173 3102 citato,
1188 3055 1348 3108 quem

320 3119 575 3174 dictatori
589 3118 919 3172 adversatum
934 3117 1092 3170 fuisse
1110 3129 1350 3169 constan-

321 3215 409 3254 ter
430 3211 647 3253 norunt.

412 3299 461 3332 ι.
493 3279 598 3332 Sub
618 3296 795 3330 corona
813 3276 1045 3328 vendidit.
1065 3273 1212 3341 Quid
1232 3275 1347 3328 fue-

321 3360 398 3411 rit
428 3359 528 3411 sub
558 3376 754 3410 corona
796 3354 1025 3408 vendere
1054 3374 1162 3407 non
1192 3355 1348 3426 plane

320 3439 511 3509 liquet.
546 3438 651 3489 Alii
693 3436 816 3508 quia
862 3435 1055 3506 captivi
1086 3436 1167 3488 vel
1210 3434 1348 3486 servi

323 3516 571 3589 dispositi
610 3518 667 3569 in
710 3516 925 3581 orbem,
955 3515 1199 3585 globum,
1236 3532 1348 3585 prae

322 3595 696 3662 multitudine,
719 3594 932 3666 publice
951 3595 1350 3667 exponebantur

323 3675 690 3747 emptoribus3
714 3674 798 3727 vel
827 3674 1006 3745 potius
1031 3674 1224 3746 captivi
1248 3673 1348 3726 sub

324 3774 503 3822 corona
532 3751 829 3806 venundari
862 3750 1201 3818 dicebantur,
1223 3753 1348 3824 quia

324 3834 524 3887 milites
543 3832 793 3887 custodian
810 3851 962 3885 causa
975 3869 992 3897 ,
1018 3834 1348 3903 captivorum

325 3913 594 3966 venalium
608 3932 788 3984 greges
799 3911 1222 3975 circumstabant,
1232 3928 1349 3982 qua

324 3993 688 4046 circumstatio
716 3990 951 4044 militum
991 4010 1166 4042 corona
1208 3989 1349 4061 apel·

324 4073 431 4124 hta
458 4072 581 4125 fuit.
601 4071 709 4124 Alii
729 4071 852 4144 quia
882 4073 1097 4123 coronati
1124 4069 1342 4122 stabant.

329 4151 437 4203 Alii
463 4149 715 4216 demum,
740 4151 864 4222 quia
894 4148 1085 4202 inclusi
1114 4159 1263 4201 erant
1292 4147 1349 4200 in

327 4231 447 4282 loco
466 4230 647 4303 aliquo
669 4230 913 4302 publico,
935 4248 964 4282 e
977 4232 1128 4299 cujus
1147 4227 1351 4280 foribus

328 4329 505 4362 corona
545 4307 812 4381 pendebat
825 4348 840 4375 ‚
864 4305 927 4363 ut
965 4308 1208 4379 vulgatus
1235 4325 1351 4360 mo·

1433 2399 1598 2454 hodie
1629 2401 1887 2470 ostendit,
1918 2421 2026 2475 quo
2055 2404 2327 2458 venalibus
2363 2424 2458 2469 coz

1431 2498 1566 2534 rona
1620 2481 1958 2553 appenditur.
1998 2484 2229 2536 Alteram
2280 2485 2456 2537 firmat

1432 2564 1789 2632 conjecturam
1820 2562 2036 2616 Catonis
2065 2561 2268 2616 dictum
2298 2565 2365 2618 ab
2390 2566 2452 2619 A.

1434 2640 1610 2694 Gellio
1624 2642 1856 2708 allatum,
1875 2643 1913 2694 1.
1931 2661 2034 2709 vu,
2049 2662 2095 2696 c.
2116 2649 2169 2707 4.
2186 2645 2354 2715 Magis
2369 2663 2456 2697 ve-

1431 2738 1554 2776 rum
1594 2740 1702 2774 esse
1742 2722 1951 2774 coronis
1979 2721 2195 2777 indutos
2234 2725 2457 2778 veniisse

1432 2818 1609 2852 servos
1630 2801 1777 2871 juxta
1804 2800 2005 2854 dictum
2028 2801 2271 2856 Catonis:
2289 2804 2456 2873 Utpo·

1422 2879 1571 2950 palus
1614 2899 1704 2930 sua
1732 2899 1875 2950 opera
1907 2885 2072 2951 potius
2106 2882 2165 2932 ob
2203 2901 2300 2933 rem
2343 2882 2455 2934 bem

1431 2970 1618 3027 gestam
1667 2971 1918 3010 coronatus
1974 2960 2288 3030 supplicatim
2342 2974 2449 3026 eat,

1435 3057 1577 3111 quam
1605 3057 1657 3088 re
1686 3038 1809 3088 mide
1823 3050 1963 3107 gesta
1984 3051 2235 3090 cononatus
2261 3052 2452 3095 veneat.

1514 3116 1643 3169 Cn.
1662 3116 1839 3169 XVII.
1879 3134 1924 3168 1.
1949 3116 2014 3185 Q.
2051 3117 2205 3170 Timr.
2231 3117 2452 3173 Sabinus.

1435 3194 1564 3248 vid.
1595 3215 1638 3247 c.
1668 3213 1742 3247 x1.

1520 3295 1571 3328 2.
1606 3275 1877 3327 Viridovix.
1910 3274 2025 3327 Hoc
2068 3275 2187 3328 loco
2217 3276 2454 3330 animad-

1436 3352 1687 3407 vertenda
1706 3365 1830 3406 sunt
1848 3354 2045 3426 pleraq.
2067 3355 2284 3409 nomina
2302 3358 2454 3427 prin-

1434 3434 1613 3505 cipum
1663 3433 1802 3486 inter
1842 3433 2021 3486 Gallos
2060 3432 2348 3489 desinentia
2394 3437 2453 3489 in

1435 3517 1513 3566 ris
1540 3513 1625 3566 vel
1653 3517 1768 3575 vix,
1809 3514 1892 3566 vel
1920 3514 2079 3566 etiam
2105 3515 2163 3567 in
2193 3536 2305 3577 re.1:,·
2335 3532 2454 3586 quo

1435 3592 1652 3667 quidem
1680 3592 1866 3646 ultima
1905 3594 2103 3665 syllaba
2143 3592 2453 3666 dignitatem

1434 3673 1691 3747 principis
1713 3674 1936 3727 innuere
1964 3672 2205 3741 videtur,
2232 3686 2292 3726 ut
2315 3675 2454 3727 Dub-

1434 3774 1582 3806 nomx
1595 3793 1610 3815 ,
1629 3752 1710 3806 vel
1725 3753 2019 3815 Dumnorix,
2037 3754 2293 3808 Ambiorix
2305 3793 2320 3816 ‚
2350 3754 2452 3806 Or-

1431 3836 1612 3904 gem-L:
1628 3870 1643 3892 ,
1697 3832 1928 3884 occurrit
1945 3869 1961 3896 ,
2010 3845 2062 3884 et
2117 3834 2173 3884 in
2220 3835 2453 3888 nummis

1444 3912 1647 3981 Togirix
1659 3922 1712 3963 et
1726 3910 1918 3962 citatur
1932 3929 1961 3962 a
1974 3911 2149 3965 Peller.
2165 3913 2418 3967 IBRVIX
2433 3953 2450 3980 ,

1435 3990 1586 4062 quasi
1632 3988 1911 4052 Eburovix,
1953 4009 2109 4061 quem
2158 3992 2453 4062 suspicatur

1436 4070 1594 4123 fuisse
1620 4070 1861 4141 regulum
1880 4070 2226 4122 Aulercorum
2250 4071 2457 4125 Eburo·

1435 4149 1632 4215 vicum,
1642 4147 1709 4202 de
1728 4150 1919 4221 quibus
1933 4149 2083 4203 infra.
2099 4148 2254 4218 Unde
2267 4152 2452 4207 exierit

1437 4227 1534 4281 ista
1563 4229 1761 4300 syllaba
1791 4230 1991 4294 finalis;
2018 4248 2083 4282 an
2126 4249 2155 4283 e
2193 4249 2409 4287 romana
2431 4270 2449 4298 ,

1438 4325 1505 4361 an
1536 4328 1566 4360 e
1595 4307 1776 4361 celtica
1805 4309 1983 4380 lingua
2006 4327 2020 4361 z
2048 4311 2309 4365 incertum
2353 4325 2446 4365 est.

1996 4403 2076 4486 83
