3111 5147
559 586 746 654 DE
799 585 1144 654 BELLo
1200 527 1932 656 cunco-1213.
1989 588 2071 657 v.
2208 615 2401 691 ·¹97

261 717 521 787 nostris
567 716 650 784 ad
693 714 1092 810 colloquium
1128 716 1505 811 prodirent3
1543 718 1786 787 habere
1823 744 1996 807 sese,
2032 745 2177 813 quae
2215 723 2298 792 de
2338 750 2410 795 re

267 824 620 966 com7muni
651 820 869 890 dicere
899 819 1142 891 vellent
1161 822 1454 916 ,quibus
1498 810 1737 892 rebus⁶
1775 831 2254 900 controversias
2289 834 2408 900 rni-

269 929 436 998 nui⁷
470 952 663 1022 posse
700 942 1056 1021 sperarent.

387 1036 678 1104 XXVII.
735 1036 1023 1102 Mittitur
1072 1035 1158 1103 ad
1206 1059 1318 1104 eos
1370 1035 1783 1130 colloquendi
1843 1065 2040 1109 causa
2098 1044 2174 1111 C.
2218 1045 2411 1162 Arpi·

276 1138 509 1208 neius¹
515 1164 763 1233 ‚eques
799 1142 1174 1228 Romanus,
1202 1140 1531 1211 familiaris
1568 1145 1651 1232 Q.
1672 1146 1943 1234 Titurii,
1971 1162 2037 1216 et
2067 1149 2150 1236 Q.
2179 1152 2217 1217 J
2221 1174 2412 1222 unius

275 1271 366 1315 ex
421 1248 741 1341 Hispania
791 1247 1093 1339 quidam,
1142 1248 1255 1340 qui
1301 1249 1440 1341 jam
1491 1263 1643 1318 ante
1704 1253 1906 1321 missu
1958 1253 2280 1324 Caesaris²
2327 1257 2412 1327 ad

279 1352 732 1447 Ambiorigem
769 1355 1088 1422 ventitare
1131 1370 1602 1423 consueverat:
1648 1358 1824 1451 apud
1868 1385 2030 1453 quos
2072 1362 2414 1433 Ambiorix

275 1457 369 1532 ,ad
414 1458 594 1527 hunc
647 1457 915 1527 modum
973 1457 1229 1528 locutus
1279 1471 1377 1527 est
1418 1485 1433 1525 ε
1472 1490 1505 1524 «
1534 1485 1708 1548 sese,
1732 1488 1856 1556 pro
1900 1467 2175 1534 Caesaris
2226 1469 2295 1535 in
2342 1495 2412 1539 se

282 1563 1028 1658 beneficiis,plurimum
1072 1566 1133 1632 ei
1168 1563 1467 1633 confiteri
1496 1565 1769 1655 dehere,
1806 1568 1984 1661 quod
2028 1571 2165 1663 ejus
2208 1596 2411 1667 opera

283 1670 611 1764 stipendio
666 1668 977 1739 liberatus
1036 1685 1206 1739 esset
1228 1723 1248 1757 ‚
1294 1671 1474 1763 quod
1525 1672 1883 1742 Aduatucis
1937 1674 2228 1745 finitimis
2278 1681 2411 1750 suis

285 1776 573 1870 pendere
606 1791 1017 1862 consuesset,
1039 1776 1345 1871 quodque
1381 1779 1440 1845 ei
1463 1792 1542 1853 ,et
1578 1777 1747 1847 filius
1787 1794 1854 1847 et
1881 1779 2097 1850 fratris
2129 1780 2296 1852 filius
2326 1787 2411 1854 ab

292 1883 548 1952 Caesare
587 1886 836 1953 remissi
881 1898 1096 1954 essent
1114 1936 1133 1970 ,
1175 1908 1340 1978 quos
1383 1883 1747 1973 Aduatuci,
1790 1885 2092 1955 obsidum
2136 1913 2414 1961 numero

294 1988 560 2075 miss05‚
592 1990 769 2084 apud
809 1992 978 2066 sein
1022 1992 1334 2059 servitute
1378 2004 1444 2062 et
1479 1993 1726 2060 catenis
1769 1994 2164 2062 tenuissent:
2201 2019 2414 2090 neque

294 2093 402 2182 id,
438 2096 610 2188 quod
653 2097 880 2166 fecerit
919 2095 1000 2165 de
1043 2098 1535 2191 oppugnatione
1579 2112 1986 2186 castrorum,
2023 2114 2136 2168 aut
2165 2100 2416 2193 judicio

293 2214 409 2269 aut
435 2201 628 2270 volun
664 2218 767 2271 ate
798 2227 916 2272 sua
948 2202 1212 2289 fecisse,
1239 2201 1354 2270 sed
1383 2217 1617 2270 coactu
1646 2204 1961 2272 civitatis·
1944 2229 2243 2300 ,suaque
2274 2232 2414 2278 esse

294 2307 664 2400 ejusmodi
647 2311 953 2404 imperia,
978 2324 1054 2378 ut
1088 2333 1223 2376 non
1253 2310 1469 2376 minus
1498 2308 1821 2377 haberet
1797 2310 1962 2402 Juris
1992 2312 2060 2379 in
2097 2336 2166 2380 se
2196 2313 2413 2383 multi-

293 2401 488 2484 tudo³
509 2468 530 2503 ,
563 2439 763 2509 quam
812 2417 947 2508 ipse
994 2416 1062 2483 in
1122 2412 1624 2483 multitudinem.
1673 2417 1961 2490 Civitati
1984 2442 2185 2512 porro
2242 2420 2416 2492 hanc

290 2520 485 2603 fuisse
513 2521 668 2593 belli
701 2546 1000 2609 causam,
1019 2521 1197 2617 quod
1223 2521 1579 2616 repentinoe
1603 2495 1947 2595 Gallorum
1982 2525 2417 2662 conjurationi

291 2631 590 2698 resistere
619 2654 754 2699 non
785 2630 1107 2724 potuerit:
1135 2628 1201 2697 id
1237 2653 1305 2697 se
1339 2626 1527 2697 facile
1559 2653 1639 2696 ex
1667 2628 2033 2698 humilitate
2075 2619 2231 2700 sua⁴
2262 2658 2414 2728 pro-

289 2732 444 2803 bare
499 2761 695 2831 posse
716 2790 734 2823 ,
760 2735 936 2830 quod
974 2760 1110 2805 non
1153 2733 1318 2811 adeo
1370 2736 1454 2802 sit
1487 2736 1828 2828 imperitus
1877 2761 2130 2824 rerum,
2166 2751 2241 2807 ut
2285 2741 2417 2808 suis

294 2843 491 2934 copiis
555 2841 874 2936 populum
934 2866 1281 2910 romanum
1339 2864 1408 2908 se
1468 2864 1780 2934 superare
1836 2866 2026 2934 posse
2075 2842 2417 2912 confidat:

293 2947 403 3014 sed
454 2971 598 3016 esse
657 2946 885 3017 Galliae
935 2971 1288 3017 commune
1338 2944 1727 3031 consilium3
1778 2946 2082 3013 omnibus
2125 2947 2419 3017 hibernis

294 3054 568 3121 Caesaris
597 3052 1057 3148 oppugnandis
1084 3052 1264 3119 hunc
1292 3074 1431 3118 esse
1457 3050 1707 3119 dictum
1734 3048 1947 3136 diem,
1971 3073 2054 3115 ne
2084 3074 2212 3145 qua
2250 3052 2420 3147 legio

296 3146 550 3228 alterae⁵
597 3158 835 3253 legioni
875 3157 1163 3227 subsidio
1204 3158 1428 3225 venire
1483 3169 1739 3249 posset:
1782 3179 1918 3224 non
1962 3153 2149 3223 facile
2193 3156 2419 3228 Gallos

378 3365 432 3414 6.
467 3360 654 3430 Quibus
683 3361 835 3413 rebus.
866 3360 947 3412 Al.
980 3359 1116 3410 rebus
1156 3358 1313 3409 omit·
1486 3377 1537 3410 ².
1568 3358 1726 3410 Missa
1754 3355 1978 3409 Coesaris.
2000 3357 2295 3410 Nonnulli
2262 3378 2419 3427 Jussu.

299 3452 433 3493 tunt.
486 3444 555 3493 At
600 3439 950 3493 necessarium
993 3452 1086 3492 est.
1134 3436 1316 3490 Nostri
1406 3436 1575 3490 Graec.
1599 3438 1925 3508 cumvulgat.
1939 3439 2216 3503 consentit,
2233 3451 2422 3493 etcum

302 3516 419 3569 cod.
449 3518 658 3573 habent.
1404 3518 1599 3569 nostris
1628 3515 1784 3569 oodd.

386 3615 439 3665 7.
465 3597 629 3652 Minui.
647 3600 890 3652 Minuere
906 3596 1318 3660 controversias,
1488 3597 1538 3650 3.
1564 3596 1635 3647 Ut
1656 3614 1751 3647 non
1776 3600 1928 3648 minus
1943 3596 2139 3647 haber-ee
2149 3598 2275 3666 juris
2300 3600 2350 3647 in
2375 3617 2425 3649 se

303 3674 492 3728 tollere
519 3689 570 3729 et
595 3680 915 3749 extinguere.
949 3676 1036 3729 sic
1067 3678 1143 3728 M.
1172 3675 1315 3728 Tull.
1406 3675 1674 3727 mullitudo.
1727 3676 1968 3728 Precaria
2027 3676 2228 3746 quippe
2278 3689 2428 3728 enm
2532 3674 2543 3687 “

299 3753 462 3808 Acad.
492 3757 678 3810 nzSed
710 3769 766 3809 ut
802 3761 1010 3811 minuam
1048 3767 1316 3808 comver-
1404 3754 1627 3826 imperia
1642 3752 1783 3825 apud
1798 3768 2001 3807 veteres
2015 3755 2220 3817 Gallos,
2236 3754 2427 3825 quibus

299 3838 417 3886 tiam
431 3875 446 3897 ,
466 3836 654 3899 videte,
690 3856 876 3908 quase,
911 3848 1000 3889 etc.
1404 3832 1565 3886 duces
1588 3834 1928 3886 aristoni-utici
1956 3834 2288 3905 magistratus
2312 3833 2426 3886 fue-

392 3916 521 3969 Cn’.
565 3916 797 3969 XXVII.
843 3933 890 3970 1.
935 3914 995 3967 C.
1038 3913 1316 3984 Atpiteeius.
1403 3931 1494 3978 re,
1523 3913 1624 3965 sub
1653 3912 1889 3982 specioso
1913 3913 2049 3982 regis
2073 3912 2307 3964 nomine.

299 3994 835 4065 Al.A1pinus.Graec.
866 3995 1087 4064 interpr.
1117 3999 1320 4063 Καρπη·
1488 3997 1540 4054 4.
1573 3992 1659 4042 Ex
1678 3991 1944 4042 humilitate
1959 4011 2063 4043 sua.
2094 3990 2163 4043 Η.
2196 3992 2232 4043 l.
2269 3992 2422 4043 humi-

300 4074 442 4134 νήῑος.
482 4074 666 4127 Nostri
690 4072 1320 4142 eod.Ca1pinaeius,vitio
1407 4072 1444 4122 li
1444 4084 1519 4122 eas
1548 4087 1662 4123 non
1691 4082 1771 4123 est
1810 4070 1978 4123 virtus
2012 4088 2130 4141 que
2172 4069 2429 4124 modestia

301 4154 606 4225 scriptum,
633 4172 733 4224 pro
762 4153 821 4206 C.
846 4153 1139 4225 Arpineius,
1160 4163 1222 4203 ut
1239 4169 1318 4222 gr.
1404 4147 1632 4213 dicitur,
1651 4147 1745 4201 sed
1770 4152 1972 4200 tenuitas
1995 4160 2048 4200 et
2076 4147 2345 4219 irffmitas.

301 4231 521 4305 interpr.
562 4234 912 4304 Καρπηνήῖος,
936 4251 1039 4304 pro
1060 4237 1118 4286 Γ
1147 4222 1318 4300 Ᾰρπη-
1489 4230 1541 4282 5.
1572 4228 1776 4282 Attene.
1807 4227 2033 4298 Vulgata
2053 4229 2220 4292 alter-i,
2254 4249 2427 4302 gram-

297 4312 444 4373 γήῑος.
1407 4309 1609 4364 maticae
1644 4312 1853 4362 scientia·
1879 4308 2137 4363 studiosior
2156 4328 2317 4382 quam
2332 4327 2430 4381 par

1923 4402 2059 4487 13³
