3111 5147
721 536 826 629 ’40
1009 545 1084 611 C.
1139 542 1420 610 JULII
1478 539 1950 611 CAESARIS
2003 534 2553 607 COMMENT.

724 688 919 767 atque
977 674 1252 767 imperio
1303 686 1536 741 essent.
1605 673 1837 739 Unum
1889 694 1959 737 se
2017 692 2157 739 esse
2201 693 2284 737 ex
2340 668 2522 736 omni
2579 667 2845 736 civitate

722 779 1087 848 AEduorum
1107 833 1127 867 ‚
1159 781 1271 873 qui
1306 778 1543 847 adduci
1585 801 1720 845 non
1761 777 2083 870 potuerit,
2109 789 2183 842 ut
2216 774 2508 867 juraret,
2536 787 2652 841 aut
2686 797 2844 841 suos

723 880 962 954 liberos
1003 884 1261 953 obsides
1296 884 1499 952 daret.
1545 883 1657 951 Oh
1698 907 1843 950 eam
1885 906 2025 950 rem
2068 905 2137 948 se
2178 905 2259 948 ex
2299 881 2564 949 civitate
2612 878 2843 973 profu-

722 993 925 1085 gisse,
967 1005 1034 1060 et
1076 993 1357 1058 Romam
1403 988 1484 1057 ad
1531 1003 1831 1057 senatum
1871 989 2160 1073 venisse,
2195 984 2508 1054 auxilium
2549 983 2843 1079 postula-

719 1110 865 1165 tum
887 1095 956 1183 ¹⁰,
980 1095 1159 1189 quod
1200 1094 1375 1164 solus
1416 1119 1628 1188 neque
1664 1091 2092 1186 jurejurando
2126 1116 2338 1186 neque
2377 1090 2713 1160 obsidibus
2744 1106 2841 1159 te·

718 1216 1004 1270 neretur.
1035 1200 1165 1270 Sed
1199 1202 1385 1294 pejus
1405 1200 1764 1269 victoribus
1789 1200 2136 1293 Sequanis,
2153 1222 2352 1293 quam
2372 1197 2842 1283 fidinis-victis,

719 1306 1033 1375 accidisse
1049 1360 1068 1394 ,
1112 1322 1460 1400 propterea
1501 1305 1681 1400 quod
1719 1307 2085 1383 Ariovistus
2104 1358 2124 1393 ‚
2164 1329 2278 1372 rex
2313 1306 2800 1374 Germanorum
2821 1356 2844 1391 ‚

718 1413 792 1480 in
831 1438 1059 1481 eorum
1103 1412 1341 1481 finibus
1382 1411 1812 1499 consedisset,
1838 1413 2226 1505 tertiamque
2264 1424 2517 1504 partem
2552 1411 2693 1502 agri
2724 1411 2842 1477 Se·

720 1521 956 1610 quani,
992 1520 1102 1612 qui
1161 1532 1331 1587 esset
1371 1520 1659 1613 optimus
1699 1520 1898 1588 totius
1941 1515 2204 1604 Galliae,
2236 1517 2691 1610 occupavisset
2710 1568 2731 1601 ‚
2773 1530 2843 1583 et

718 1648 897 1691 nunc
934 1622 1016 1691 de
1057 1622 1261 1692 altera
1318 1639 1505 1719 parte
1564 1625 1757 1692 tertia
1804 1626 2142 1717 Sequanos
2182 1621 2498 1691 decedere
2531 1621 2840 1713 juberet3

716 1744 1068 1824 propterea
1092 1729 1299 1823 quod,
1318 1732 1543 1822 paucis
1567 1729 1896 1798 mensibus
1923 1744 2107 1816 ante,
2125 1727 2470 1797 Harudum
2492 1726 2693 1795 millia
2716 1727 2836 1795 ho-

714 1837 969 1927 minum
1012 1838 1246 1905 XXIV
1287 1835 1372 1902 ad
1414 1860 1566 1903 eum
1602 1820 1964 1922 venissent,
1989 1834 2225 1928 quibus
2278 1832 2460 1903 locus
2514 1858 2591 1901 ac
2652 1832 2840 1901 sedes

713 1954 1124 2033 pararentur.
1186 1943 1506 2008 Futurum
1568 1965 1708 2010 esse
1770 1941 1997 2033 paucis
2054 1940 2242 2009 annis
2270 1993 2290 2027 ‚
2330 1941 2427 2007 uti
2474 1963 2704 2007 omnes
2758 1964 2839 2006 ex

716 2042 946 2114 Galliae
982 2045 1221 2113 finibus
1249 2044 1669 2139 pellerentur,
1702 2060 1897 2140 atque
1923 2071 2153 2115 omnes
2183 2047 2496 2115 Germani
2523 2044 2837 2113 Rhenum

711 2150 1105 2218 transirent:
1129 2175 1342 2245 neque
1377 2154 1553 2220 enim
1581 2151 2052 2222 conferendum
2073 2151 2117 2176 ¹¹
2148 2176 2289 2221 esse
2316 2148 2642 2219 Gallicum
2678 2175 2835 2219 cum

712 2257 1199 2326 Germanorum
1229 2282 1389 2352 agro
1403 2284 1423 2346 3
1439 2282 1650 2352 neque
1677 2260 1851 2327 hanc
1876 2258 2416 2328 consuetudinem
2441 2259 2653 2325 victus
2678 2281 2834 2325 cum

704 2358 818 2429 illa
860 2362 1389 2456 comparandam.
1430 2366 1833 2433 Ariovistum
1869 2379 2088 2433 autem
2109 2418 2129 2452 ‚
2158 2380 2234 2434 ut
2261 2361 2460 2432 semel
2484 2361 2830 2432 Gallorum

707 2469 931 2560 copias
964 2466 1189 2563 praelio
1219 2470 1493 2556 vicerit,
1519 2469 1698 2564 quod
1741 2469 2037 2564 praelium
2081 2470 2328 2540 factum
2366 2472 2449 2538 sit
2482 2468 2565 2536 ad
2600 2469 2829 2563 Mage·

705 2572 989 2642 tobriam
1020 2570 1090 2661 ¹²,
1126 2575 1405 2669 superbe
1431 2591 1499 2645 et
1523 2573 1875 2646 crudeliter
1906 2579 2261 2671 imperare,
2278 2576 2537 2646 obsides
2573 2573 2834 2645 nobilis-

702 2679 853 2746 simi
889 2679 1204 2773 cujusque
1245 2679 1483 2750 liberos
1526 2707 1860 2775 poscere‚·
1885 2698 1953 2751 et
2001 2685 2067 2751 in
2113 2708 2226 2752 eos
2268 2684 2488 2751 omnia
2530 2681 2830 2777 exempla

703 2785 1161 2879 cruciatusque
1182 2770 1229 2810 ¹³
1265 2785 1457 2856 edere
1477 2841 1497 2875 ‚
1524 2789 1579 2857 si
1628 2812 1758 2882 qua
1807 2814 1910 2858 res
1962 2815 2097 2858 non
2142 2789 2226 2857 ad
2281 2802 2517 2856 nutum
2574 2802 2691 2856 aut
2742 2789 2828 2857 ad

700 2888 1109 2959 voluntatem
1153 2892 1292 2985 ejus
1337 2892 1512 2962 facta
1554 2895 1675 2964 sit:
1704 2894 2040 2982 hominem
2088 2919 2228 2964 esse
2264 2893 2619 2962 barbarum
2638 2947 2659 2980 ‚
2699 2895 2826 2962 ira-

640 3039 643 3046 ·
700 2995 990 3064 cundum
1019 3050 1040 3084 ‚
1085 3001 1549 3068 temerarium:
1590 3025 1725 3068 non
1789 3026 1982 3096 posse
2045 3000 2189 3093 ejus
2247 3001 2522 3094 imperia
2580 2999 2827 3070 diutius

699 3103 1003 3170 sustineri
1040 3129 1056 3171 ε
1101 3106 1223 3173 nisi
1266 3106 1319 3174 si
1361 3105 1519 3199 quid
1572 3108 1639 3174 in
1689 3109 1946 3177 Caesare
1990 3106 2367 3203 populoque
2419 3130 2694 3174 romano
2739 3108 2826 3176 sit

696 3206 955 3294 auxilii,
983 3210 1287 3279 omnibus
1333 3211 1539 3281 Gallis
1589 3211 1761 3282 idem
1806 3237 1945 3283 esse
1999 3211 2371 3282 faciendum
2390 3265 2410 3298 ‚
2438 3210 2614 3305 quod
2665 3211 2821 3280 Hel-

693 3313 850 3380 vetii
886 3312 1159 3383 fecerint
1177 3368 1198 3402 ‚
1233 3330 1307 3420 ut
1343 3316 1544 3386 domo
1585 3318 1942 3412 emigrent3
1978 3317 2151 3387 aliud
2189 3316 2590 3387 domicilium
2610 3369 2630 3404 ‚
2657 3316 2818 3387 alias

776 3591 847 3627 ιο
877 3573 1131 3628 Auxilium
1151 3575 1462 3645 postulatum.
1495 3574 1607 3628 Cic.
1638 3572 1707 3628 de
1793 3588 1973 3631 mento
2021 3576 2286 3630 revocavit
2324 3578 2396 3629 ad
2427 3576 2816 3648 Magetobriam,

688 3651 809 3705 Div.
843 3671 899 3719 1,
926 3661 993 3718 4¹
1016 3691 1034 3719 ‚
1058 3654 1223 3706 Rediit
1247 3666 1403 3705 autem
1432 3674 1483 3706 re
1511 3656 1702 3722 inficta.
1793 3674 1950 3728 quam
1963 3656 2240 3710 lectionem
2253 3658 2416 3711 secuti
2428 3675 2620 3710 sumus.
2637 3656 2814 3713 codd.

685 3730 816 3784 Vid.
848 3733 973 3785 infr.
991 3770 1009 3796 ‚
1032 3751 1121 3786 vt.
1157 3751 1244 3787 υ.
1791 3754 1931 3807 regg.
1965 3735 2145 3805 5763,
2172 3736 2317 3808 5764
2336 3774 2353 3802 ‚
2379 3738 2450 3788 ad
2470 3736 2812 3808 Magetobn'oe.

759 3828 784 3862 1
799 3828 822 3864 ι
833 3851 847 3863 .
862 3813 1029 3881 Neque
1040 3816 1162 3865 enim
1175 3813 1517 3880 confit-umbem,
1534 3814 1704 3886 Prop-
1863 3832 1886 3866 1
1900 3815 1952 3867 3.
1963 3816 2201 3887 Exempla
2213 3822 2551 3887 crucium-eque.
2561 3836 2632 3870 sc.
2642 3835 2818 3870 exem-

683 3898 766 3940 ter
795 3889 1134 3946 fertilitatem.
1789 3895 1878 3966 pla
1900 3894 2239 3950 cruciatuum.
2260 3896 2512 3967 Exempla
2531 3915 2658 3948 vero
2687 3909 2816 3950 sunt

771 3986 857 4022 υ.
878 3969 972 4023 Ad
990 3971 1358 4042 Magetobrim.
1386 3970 1487 4026 Ed.
1518 3972 1703 4043 prisce
1788 3992 1995 4045 genera.
2039 3975 2208 4041 Male,
2238 3977 2331 4046 qui
2360 3976 2652 4029 omiserunt
2686 3995 2806 4048 que,

682 4045 880 4101 hahent
902 4049 1263 4119 Amagetobrioe
1276 4089 1294 4117 ‚
1315 4069 1407 4105 seu
1428 4053 1499 4105 ad
1523 4052 1701 4124 Mage·
1787 4072 1896 4106 non
1919 4089 1922 4094 -
1944 4055 2415 4108 animadvertentes
2466 4073 2576 4108 esse
2622 4057 2669 4107 ἓν
2715 4051 2812 4110 διὰ

684 4123 881 4192 mbr-12⁸,
912 4127 985 4180 ita
1014 4147 1223 4201 quoque
1251 4149 1447 4203 gracus
1476 4131 1697 4203 interpr.
1787 4129 1938 4187 δυοῖν.
1965 4135 2126 4187 Edem
2158 4137 2369 4206 exempla
2398 4135 2560 4187 habet
2587 4134 2807 4188 Terent.

681 4203 729 4256 ἰν
773 4209 839 4271 τῇ
876 4197 1253 4279 Ᾱμαγιτοόρίᾳ,
1286 4212 1700 4281 repugnantibus
1784 4212 1922 4267 Eun.
1954 4233 2007 4280 v,
2041 4234 2095 4284 7,
2131 4234 2198 4269 ἰι
2218 4252 2235 4280 ,
2274 4226 2328 4266 et
2364 4215 2498 4266 edere
2541 4218 2806 4276 cruciatus,

683 4279 839 4337 codd.
872 4283 1187 4355 obernum,
1219 4308 1285 4342 ex
1311 4301 1476 4345 veter.
1507 4309 1697 4345 monu—
1784 4304 1850 4346 ut
1871 4294 1999 4347 alibi
2022 4294 2424 4362 cladem‚coedes‚
2439 4306 2540 4349 etc.
2568 4294 2671 4347 On.
