3111 5147
743 511 894 600 384
1053 516 1137 583 C.
1185 513 1454 582 JULII
1510 509 1958 580 CAESARIS
2012 511 2546 626 COMMENT.

739 646 1144 716 descendant
1172 671 1187 713 ε
1222 644 1334 716 illo
1376 659 1600 714 tamen
1648 643 1867 737 potius
1909 642 2229 711 utendum
2244 629 2268 668 ³
2312 641 2585 713 consilio
2603 695 2624 730 ‚
2662 642 2721 710 si
2760 661 2879 709 τω

742 767 939 847 cogat
987 768 1183 847 atque
1234 750 1470 821 auxilia
1524 763 1869 818 morentur
1891 802 1911 836 ,
1962 773 2161 843 quam
2207 763 2324 818 aut
2361 748 2713 819 deditionis
2753 759 2879 814 aut

741 861 925 954 pacis
959 857 1368 929 subeundam
1410 856 1872 926 conditionem.
1911 855 2256 925 Mandubii
2270 910 2291 945 ,
2317 858 2430 950 qui
2465 879 2579 924 eos
2623 852 2879 949 oppido

743 979 1130 1060 receperant
1149 1018 1168 1052 ‚
1209 989 1363 1036 cum
1416 962 1635 1032 liberis
1678 976 1876 1055 atque
1925 962 2244 1032 uxoribus
2287 965 2464 1032 exire
2520 975 2878 1056 coguntur.

745 1073 834 1139 Hi
852 1124 873 1160 ‚
908 1096 1112 1165 quum
1150 1069 1232 1139 ad
1272 1071 1668 1138 munitiones
1708 1070 2165 1137 Romanorum
2207 1071 2635 1139 accessissent
2652 1122 2674 1155 ‚
2720 1068 2883 1135 flen-

746 1191 844 1246 tes
873 1177 1179 1246 omnibus
1213 1175 1520 1271 precibus
1550 1174 1863 1263 orabant,
1890 1189 1966 1242 ut
1994 1199 2063 1244 se
2081 1228 2101 1262 ‚
2127 1177 2196 1243 in
2226 1177 2610 1245 servitutem
2647 1198 2881 1268 recep-

745 1297 850 1352 tos
873 1336 894 1370 ,
928 1283 1077 1353 cibo
1107 1284 1435 1377 juvarent.
1473 1283 1563 1350 At
1601 1283 1826 1350 Caesar
1849 1334 1869 1369 ‚
1905 1279 2233 1375 dispositis
2262 1282 2331 1350 in
2364 1280 2539 1351 vallo
2585 1279 2878 1350 custodi-

747 1388 872 1458 bus
899 1442 920 1476 ,
962 1390 1165 1483 recipi
1205 1388 1617 1484 prohibebat.

853 1496 1167 1566 LXXIX.
1223 1499 1485 1566 Interea
1537 1495 1878 1564 Commius
1930 1508 1997 1562 et
2048 1494 2278 1589 reliqui
2327 1492 2529 1562 duces
2562 1547 2583 1579 ,
2638 1492 2877 1587 quibus

749 1626 1010 1672 summa
1055 1602 1311 1697 imperii
1364 1603 1683 1697 permissa
1730 1614 1871 1669 erat
1898 1653 1919 1689 ,
1973 1626 2127 1670 cum
2174 1599 2479 1669 omnibus
2536 1601 2750 1694 copiis
2795 1597 2881 1666 ad

749 1706 1034 1778 Alesiam
1059 1710 1487 1803 perveniunt,
1512 1722 1581 1777 et
1608 1704 1773 1776 colle
1800 1708 2121 1777 exteriore
2146 1720 2471 1802 occupato
2488 1705 2536 1795 ¹,
2560 1731 2705 1775 non
2740 1704 2875 1774 lon-

752 1815 896 1908 gius
924 1817 1001 1883 M
1031 1814 1328 1908 passibus
1347 1812 1368 1838 ²
1400 1813 1486 1883 ab
1522 1814 1761 1883 nostris
1800 1814 2271 1884 munitionibus
2304 1812 2678 1883 considunt.
2725 1814 2881 1879 Pos-

752 1933 895 1988 tero
923 1919 1028 1988 die
1055 1922 1347 2014 equitatu
1373 1944 1455 1989 ex
1483 1921 1713 1988 castris
1742 1918 2009 2008 educto,
2045 1945 2309 1990 omnem
2337 1945 2482 1988 eam
2512 1917 2881 2014 planitiem,

751 2048 952 2118 quam
982 2028 1050 2092 in
1079 2024 1550 2157 longitudinem
1586 2028 1689 2094 III
1727 2024 1929 2095 millia
1963 2047 2276 2147 passuum
2306 2040 2533 2120 patere
2573 2025 2879 2093 demons-

753 2117 1105 2202 travimus³
1111 2132 1552 2270 ‚complent‚
1591 2131 2052 2227 pedestresque
2096 2136 2321 2252 copias
2357 2132 2629 2226 paulum
2674 2132 2760 2198 ab
2801 2155 2876 2198 eo

755 2235 905 2308 loco
934 2226 1221 2310 abditas⁴
1244 2241 1312 2308 in
1342 2237 1500 2309 locis
1530 2239 1974 2333 superioribus
1998 2240 2422 2308 constituunt.
2457 2241 2623 2306 Erat
2649 2262 2728 2306 ex
2762 2261 2876 2330 op·

756 2344 912 2438 pido
934 2344 1148 2415 Alesia
1171 2346 1567 2439 despectus
1549 2370 1617 2412 m
1643 2369 1968 2439 campum.
1996 2346 2470 2432 concurritur,
2492 2345 2598 2413 his
2630 2341 2878 2411 auxiliis

755 2452 958 2520 visis:
1004 2451 1079 2518 fit
1134 2450 1483 2544 gratulatio
1535 2452 1706 2519 inter
1750 2475 1901 2538 εοε,
1938 2466 2133 2545 atque
2187 2453 2484 2520 omnium
2542 2451 2734 2519 animi
2789 2446 2875 2515 ad

756 2553 1044 2624 laetitiam
1080 2558 1463 2625 excitantur.
1504 2558 1737 2650 Itaque
1773 2556 2110 2652 productis
2139 2560 2343 2653 copiis
2379 2572 2533 2627 ante
2563 2584 2605 2626 o
2654 2555 2876 2651 pidum

759 2660 1148 2748 considunt,
1182 2677 1249 2730 et
1282 2665 1651 2756 proximam
1692 2663 1935 2733 fossam
1966 2666 2257 2735 cratibus
2290 2668 2596 2758 integunt
2632 2718 2653 2751 ‚
2687 2678 2875 2755 atque

763 2862 964 2910 omnes,
980 2856 1170 2916 proeter
1184 2845 1356 2899 Oxon.
1381 2848 1447 2898 ab
1462 2843 1782 2899 Oudendor-

761 2925 852 2998 pio
865 2925 1444 2999 citamQhabentquam
1459 2947 1490 2977 a
1508 2926 1785 2996 Critognati

1946 2844 2077 2900 CAP.
2105 2848 2353 2900 LXXIX.
2397 2866 2445 2900 Ι.
2479 2847 2618 2899 Colle
2656 2851 2876 2899 erm-ion

1864 2939 2108 2997 occupato.
2127 2928 2195 2979 Et
2216 2925 2273 2980 id
2286 2939 2598 2998 argumento
2612 2941 2690 2980 est
2708 2927 2877 2993 colles,

762 3008 991 3057 sententia
1019 3005 1280 3059 discedant.
1321 3006 1486 3059 Sensu
1513 3006 1779 3059 contrario

764 3098 818 3138 et
841 3084 1059 3137 minime
1085 3086 1420 3156 sequentibus
1440 3097 1582 3158 apto.
1608 3084 1780 3138 Iidem

768 3176 941 3217 tamen
963 3163 1118 3217 codd.
1141 3163 1372 3218 addunt:
1393 3167 1477 3216 illo
1498 3176 1652 3217 tamen
1671 3177 1781 3216 tem-

761 3264 879 3315 pore
907 3249 1070 3315 potius
1107 3244 1328 3296 utendum
1365 3246 1562 3296 consilio
1575 3284 1589 3307 ‚
1623 3249 1666 3296 si
1706 3264 1780 3296 res

766 3335 939 3394 cogat,
969 3335 1056 3375 etc.
1094 3322 1252 3375 Unde
1283 3323 1413 3376 alius
1452 3323 1572 3376 elici
1607 3336 1780 3395 potest

767 3421 947 3456 sensus
968 3403 1023 3455 h.
1056 3421 1127 3454 m.
1161 3402 1298 3455 Socii
1316 3403 1644 3455 constituunt
1671 3423 1781 3455 om-

768 3483 856 3534 nia
891 3482 1039 3552 prius
1068 3483 1320 3552 experiri,
1350 3500 1508 3553 quam
1545 3501 1575 3534 a
1603 3484 1779 3537 Crito·

767 3562 911 3633 gnati
929 3562 1182 3613 sententia
1199 3559 1467 3613 discedunt
1480 3598 1498 3627 ‚
1520 3574 1573 3613 et
1592 3581 1646 3615 se
1663 3564 1780 3617 hos-

769 3642 911 3694 tibus
935 3639 1145 3694 dedant.
1175 3638 1277 3693 Sed
1306 3639 1360 3693 id
1389 3653 1681 3695 extremum
1701 3663 1782 3696 re-

767 3733 977 3774 servant
1005 3719 1070 3772 a'd
1094 3722 1330 3792 tempus.
1360 3721 1444 3773 ulo
1478 3733 1632 3773 tamen
1664 3734 1779 3775 tem-

763 3820 883 3872 pore
892 3840 907 3861 ‚
924 3818 1089 3872 quum
1099 3818 1183 3853 res
1194 3801 1435 3871 coegerit.
1452 3800 1609 3854 Haud
1622 3803 1780 3856 nimis

767 3892 1039 3935 contortus
1059 3892 1136 3933 est
1163 3898 1341 3933 sensus
1365 3881 1491 3946 iste3
1513 3900 1780 3955 quaprop-

767 3973 848 4013 ter
854 3960 1161 4013 auctoritate
1171 3972 1345 4013 motus
1352 3959 1508 4014 codd.
1523 3963 1782 4029 omnium,

765 4040 903 4093 hanc
925 4040 1204 4092 lectionem
1227 4041 1565 4112 pretulerim.

853 4118 905 4171 3.
920 4119 1015 4170 Illo
1040 4132 1194 4172 tamen
1207 4125 1371 4190 potius
1397 4121 1633 4174 utendmn.
1659 4122 1786 4173 Om-

768 4214 861 4249 nes
874 4196 1031 4251 codd.
1046 4200 1130 4251 illo
1144 4211 1297 4251 tamen
1313 4210 1534 4272 tempore,
1552 4199 1781 4263 etc.,Vid.

762 4287 948 4331 notun
973 4276 1379 4348 precedentem.

1864 3023 2021 3077 supra
2066 3008 2258 3078 quibus
2310 3019 2476 3059 castra
2518 3008 2875 3060 Romanorum

1862 3086 2031 3178 posita
2048 3087 2415 3151 fuerant‚inter
2427 3088 2877 3158 munitiothum

1863 3164 2171 3219 interiorem
2195 3185 2316 3218 cum
2345 3168 2682 3232 exteriorem,
2724 3166 2879 3219 finisse

1862 3244 2107 3298 inclusos.

1949 3345 1999 3379 2.
2032 3325 2172 3377 Mille
2186 3326 2425 3395 passibus.
2455 3326 2535 3379 Ex
2556 3322 2708 3377 codd.
2733 3323 2876 3394 opti-

1863 3404 1963 3457 mis
1977 3443 1993 3467 ,
2011 3404 2151 3457 inter
2173 3423 2304 3474 quos
2313 3406 2511 3471 nostri,
2525 3418 2573 3458 et
2592 3405 2877 3475 interprete

1862 3501 2036 3554 groco
2063 3485 2158 3555 qui
2186 3484 2345 3537 habet
2376 3497 2499 3537 octo
2525 3480 2805 3545 stadia(m.
2818 3502 2875 3554 p.

1863 3561 2041 3626 rom.)
2063 3564 2293 3616 restituit
2333 3564 2648 3631 Oberlinus;
2681 3577 2735 3617 et
2757 3564 2876 3616 hnic
2908 3628 2914 3639 ³

1862 3660 2077 3715 prorsus
2090 3644 2357 3696 assentior.
2369 3643 2528 3710 Male,
2537 3644 2630 3715 qui
2638 3662 2677 3695 n
2686 3645 2873 3715 legunt.

1949 3723 2001 3776 3.
2026 3723 2477 3776 Demonstravimus.
2513 3724 2684 3796 Supra
2708 3743 2755 3776 c.
2788 3726 2874 3791 69.

1948 3809 2000 3866 4.
2021 3802 2246 3855 Abditas.
2263 3803 2533 3875 sejunctas
2545 3842 2562 3869 ,
2577 3806 2871 3863 abstractas,

1863 3880 2039 3952 inquit
2061 3882 2242 3936 Oberl.
2265 3882 2379 3953 Ego
2402 3901 2532 3935 vero
2556 3885 2739 3937 malim
2760 3883 2873 3936 sim·

1865 3959 2074 4032 pliciter
2101 3962 2288 4014 abditas
2295 4001 2310 4026 ,
2334 3974 2494 4015 tectas
2527 3965 2583 4016 in
2610 3964 2756 4017 silvis
2772 3960 2876 4034 qui-

1867 4041 1965 4093 bus
1981 4041 2138 4094 colles
2154 4055 2304 4095 erant
2314 4044 2582 4114 cooperti,
2594 4041 2873 4097 secundum

1867 4139 2023 4173 usum
2054 4120 2344 4175 Gallorum.

1955 4200 2007 4254 5.
2039 4201 2315 4253 Proximam
2324 4186 2509 4266 fossam
2537 4202 2745 4255 cratibus
2770 4206 2875 4252 isun-

1868 4291 2008 4352 μαι.
2024 4280 2095 4334 Et
2116 4281 2205 4335 hic
2228 4281 2376 4335 locus
2398 4281 2732 4351 potissimum
2748 4281 2874 4335 fmt
