3111 5147
693 615 835 704 146
998 613 1413 684 C.JUL11
1471 607 1945 678 CAESARIS
1999 606 2551 679 COMMENT.

681 746 846 822 rata²
849 771 1146 843 ,magno
1175 767 1455 814 numero
1491 739 1838 810 interfecto
1858 736 2133 833 ,reliqui
2165 764 2235 808 se
2276 739 2344 808 in
2371 738 2622 810 flumen
2649 766 2826 837 prae-

679 857 1151 952 cipitaverunt3
1194 866 1392 945 atque
1450 848 1540 917 ihi
1594 848 1885 935 timore,
1941 842 2371 934 lassitudine,
2423 847 2495 915 vi
2530 846 2824 919 fluminis

680 963 975 1058 oppressi
1028 961 1383 1057 perierunt.
1433 954 1662 1025 Nostri
1725 953 1812 1022 ad
1873 977 2086 1022 unum
2149 974 2380 1023 omnes
2423 952 2822 1044 incolumes,

677 1068 1027 1167 perpaucis
1063 1063 1455 1149 vulneratis,
1480 1086 1565 1131 ex
1594 1061 1761 1130 tanti
1797 1058 1953 1129 belli
1990 1060 2225 1129 timore
2237 1085 2487 1155 ,quum
2527 1060 2822 1130 hostium

678 1198 996 1246 numerus
1036 1171 1328 1267 capitum
1368 1114 1700 1240 Cbxxx
1745 1151 2059 1235 ιιιίΙΙίιιιιι3
2095 1164 2354 1253 fuisset,
2387 1190 2458 1236 se
2495 1166 2563 1234 in
2603 1181 2823 1237 castra

678 1293 1093 1376 receperunt.
1107 1281 1330 1348 Caesar
1350 1276 1475 1363 lus,
1486 1299 1654 1369 quos
1676 1274 1744 1341 in
1773 1274 2004 1343 castris
2029 1274 2422 1360 retinuerat,
2443 1271 2819 1344 discedendi

678 1399 1073 1485 potestatem
1106 1383 1302 1454 fecit:
1340 1381 1430 1450 illi
1469 1378 1787 1477 supplicia
1814 1379 2275 1474 cruciatusque
2316 1377 2662 1449 Gallorum
2699 1404 2817 1450 ve-

677 1495 784 1563 riti
803 1547 823 1582 ,
858 1515 1144 1587 quorum
1199 1512 1396 1585 agros
1446 1499 1880 1573 vexaverant,
1920 1509 2259 1554 remanere
2312 1510 2383 1555 se
2433 1487 2610 1582 apud
2660 1511 2814 1557 eum

674 1597 845 1670 velle
885 1598 1206 1667 dixerunt.
1253 1596 1375 1665 His
1412 1595 1639 1664 Caesar
1676 1590 2044 1660 libertatem
2082 1593 2423 1662 concessit.

781 1706 971 1774 XVI.
1000 1703 1399 1774 Germanico
1428 1696 1605 1768 bello
1637 1696 1978 1786 confecto,
2002 1696 2224 1767 multis
2248 1698 2329 1767 de
2360 1699 2571 1769 causis
2592 1700 2814 1768 Caaear

675 1812 934 1899 statuit,
972 1809 1093 1879 sibi
1131 1794 1444 1877 Rhenum
1486 1828 1628 1875 esse
1660 1803 2136 1877 transeundum
2169 1830 2185 1873 :
2222 1829 2505 1900 quarum
2546 1804 2654 1874 illa
2686 1805 2811 1874 fuit

668 1917 1023 2013 justissima
1043 1967 1063 2002 ,
1098 1911 1279 2008 quod
1294 1964 1313 1999 ,
1340 1935 1548 2005 quum
1581 1908 1837 1979 videret
1879 1912 2251 1982 Germanos
2285 1926 2421 1981 tam
2460 1911 2648 1982 facile
2689 1912 2808 1981 im·

673 2020 829 2119 pelli
862 2034 941 2090 ut
971 2023 1039 2088 in
1074 2017 1357 2090 Galliam
1380 2018 1713 2105 venirent,
1740 2017 1872 2086 suis
1905 2042 2171 2112 quoque
2201 2018 2398 2089 rebus
2427 2042 2541 2089 eos
2580 2020 2811 2088 timere

673 2127 914 2217 voluit,
948 2150 1155 2221 quum
1193 2122 1664 2220 intelligerent,
1698 2137 1767 2191 et
1789 2148 1997 2219 ,posse
2035 2139 2105 2194 et
2143 2125 2387 2195 audere
2427 2122 2656 2221 populi
2697 2150 2809 2194 ro-

673 2237 852 2304 mani
902 2234 1264 2304 exercitum
1318 2232 1631 2301 Rhenum
1685 2231 1980 2300 transire.
2035 2233 2330 2304 Accessit
2364 2233 2560 2302 etiam
2576 2285 2596 2319 ,
2630 2230 2806 2326 quod

670 2341 781 2411 illa
820 2364 974 2437 pars
1012 2341 1338 2435 equitatus
1361 2339 1712 2434 Usipetum
1744 2352 1813 2406 et
1838 2337 2409 2407 Tenchtherorurn
2424 2393 2442 2426 ‚
2467 2362 2668 2433 quam
2700 2362 2806 2408 su-

632 2534 637 2540 ·
672 2473 796 2545 pra
835 2446 1353 2517 commemoravi
1366 2442 1385 2468 ¹
1423 2443 1758 2540 praedandi
1806 2442 2381 2538 frumentandique
2420 2468 2618 2515 causa
2655 2446 2804 2513 Mo·

671 2579 814 2625 sam
865 2553 1173 2623 transisse
1187 2599 1216 2639 ,-
1230 2575 1446 2647 neque
1490 2548 1718 2646 praelio
1762 2549 2161 2641 interfuisse,
2195 2565 2350 2649 post
2386 2551 2612 2649 fligam
2654 2575 2808 2622 suo·

669 2685 822 2729 rum
862 2685 932 2728 se
980 2674 1164 2727 trans
1218 2657 1532 2726 Rhenum
1581 2659 1649 2726 in
1694 2656 1861 2728 fines
1901 2659 2401 2756 Sigambrorum
2441 2672 2807 2756 receperat,

671 2789 872 2861 seque
911 2789 1066 2835 eum
1098 2764 1174 2834 iis
1202 2763 1651 2859 conjunxerat.
1696 2763 1800 2833 Ad
1832 2789 1998 2859 quos
2038 2791 2245 2862 quum
2277 2770 2500 2837 Caesar
2531 2765 2808 2836 nuncios

670 2868 984 2941 misisset²
990 2924 1009 2960 ,
1032 2870 1145 2965 qui
1195 2869 1641 3001 postularent,
1663 2895 1810 2961 eos,
1843 2873 1956 2966 qui
2008 2872 2127 2943 sibi
2164 2870 2523 2968 Galliaeque
2562 2870 2806 2941 bellum

668 2976 1069 3067 intulissent,
1091 2976 1212 3048 sihi
1253 2962 1606 3048 dederent³
1610 2978 2181 3074 ,responderuntz
2217 3009 2251 3046 «
2282 2978 2511 3076 populi
2551 2980 2806 3048 romani

670 3162 799 3234 ipsis
819 3160 1147 3215 confluentes
1164 3158 1338 3214 Rheni
1357 3174 1411 3213 et
1426 3160 1590 3214 Mosa
1606 3178 1697 3215 oe·
1868 3163 1922 3217 3.
1940 3163 2091 3216 Hosti
2089 3182 2167 3216 um
2183 3183 2399 3216 numnis
2413 3167 2621 3234 capitum
2634 3181 2802 3216 cnm

670 3253 1099 3308 currerent,tunc
1111 3241 1423 3312 reliquaficga
1431 3240 1695 3312 desperata,
1786 3242 1905 3296 mill.
1927 3243 2147 3297 Orosius
2171 3263 2380 3298 ecocxt..
2403 3243 2542 3297 Plut.
2568 3261 2704 3296 cccc.
2736 3243 2808 3294 At

670 3334 771 3375 etc.
798 3322 902 3374 Per
920 3319 1245 3374 confluentes
1268 3319 1444 3373 Rheni
1463 3333 1518 3373 et
1534 3320 1699 3373 Moses
1784 3320 1841 3373 in
1863 3323 2051 3375 Crasso
2070 3321 2213 3376 idem
2235 3323 2309 3377 ait
2330 3341 2440 3377 ccc.
2461 3322 2567 3388 Qui
2585 3319 2805 3394 quidem

670 3399 963 3471 intelligere
983 3399 1061 3452 fas
1080 3412 1185 3464 est,
1199 3416 1316 3452 eam
1335 3411 1542 3471 partem
1563 3400 1704 3453 Rhe-
1783 3401 1992 3453 numeri
2022 3404 2312 3474 exaggerati
2332 3440 2350 3468 ,
2377 3415 2432 3456 et
2472 3402 2606 3455 ultra
2637 3398 2805 3454 fidem

670 3480 731 3533 ni
772 3477 968 3533 dictam
1010 3478 1069 3532 V
1061 3478 1182 3530 alta!
1217 3496 1309 3532 seu
1348 3478 1437 3530 W
1429 3478 1547 3541 aa!
1582 3498 1700 3551 quae
1781 3478 1940 3551 longe
1965 3479 2214 3553 producti
2243 3481 2512 3535 videntur.

670 3559 1027 3631 proficiscitur
1055 3577 1085 3611 3
1114 3558 1343 3613 Castello
1376 3558 1693 3624 Pomm-den,
1866 3560 1998 3613 Car.
2017 3560 2168 3616 xv1.
2188 3581 2210 3615 1
2224 3603 2238 3615 .
2259 3562 2420 3633 Supra
2434 3564 2801 3614 commemoravi.

674 3639 814 3693 infra
826 3638 1120 3703 Emmn'ck,
1139 3650 1192 3691 et
1215 3636 1435 3691 influit‘
1419 3657 1476 3690 ιιι
1493 3638 1702 3694 Mosam
1786 3638 1954 3712 Capp.
1987 3657 2045 3692 rx
2073 3654 2127 3695 et
2154 3660 2257 3695 xn.
2284 3640 2414 3696 vid.
2443 3654 2557 3694 not.
2581 3638 2647 3693 ad
2671 3660 2723 3708 9.

672 3721 834 3792 paulo
844 3737 1005 3790 supra
1018 3717 1349 3773 BoumaNil
1367 3717 1491 3772 facit
1503 3716 1700 3773 adrem
1870 3738 1922 3772 2.
1957 3720 2118 3789 Quum
2150 3720 2321 3773 Coesar
2357 3723 2554 3773 amictos
2588 3723 2801 3772 misisset.

673 3817 793 3872 quo.
811 3798 930 3852 loco
958 3798 1133 3852 Cesar
1150 3798 1312 3871 paulo
1335 3811 1458 3870 post
1478 3812 1700 3870 pontem

672 3878 887 3945 fecerim
911 3896 979 3930 an
1017 3878 1288 3949 superius,
1325 3895 1393 3931 nn
1438 3879 1700 3935 inferius?

675 3970 847 4012 textus
874 3958 993 4011 luce
1021 3957 1214 4011 clarior
1237 3968 1332 4011 est.

759 4058 811 4092 2.
844 4038 1052 4111 Reliqtta
1069 4039 1202 4110 suga
1233 4036 1502 4109 desperata.
1534 4038 1702 4092 Omni

676 4137 767 4189 spe
798 4118 932 4189 fugae
954 4118 1139 4172 ablata.
1168 4117 1384 4171 Graecus
1408 4116 1701 4192 interpres,

675 4203 764 4259 τῆς
796 4201 967 4258 λοιπῆς
1001 4204 1149 4269 φυγῆς
1182 4198 1550 4260 ἀνιλπὶσαντις.
1587 4200 1701 4253 Du-

676 4295 737 4329 ra
771 4289 948 4330 autem
975 4290 1055 4329 est
1079 4278 1353 4348 repetitio,
1386 4277 1586 4350 reliqui,
1623 4299 1699 4333 re-

676 4357 838 4430 liqua,
863 4355 909 4408 si
937 4355 1009 4408 ita
1038 4355 1190 4427 loqui
1219 4356 1295 4408 sas
1326 4368 1420 4411 est.

1785 3796 2064 3852 simulatio
2106 3801 2322 3854 Coesaris
2356 3819 2370 3854 ε
2409 3800 2575 3853 mittit
2612 3800 2805 3872 legatos

1786 3896 1919 3949 quos
1943 3878 2138 3933 sciebat
2166 3880 2357 3934 infecta
2386 3899 2448 3933 re
2474 3897 2802 3945 reversuros,

1784 3958 1951 4013 mittit
1986 3972 2190 4024 tamen,
2225 3974 2286 4014 ut
2315 3958 2440 4013 inde
2480 3959 2807 4012 occasionem

1785 4052 1960 4111 captet
2004 4039 2309 4093 transeundi
2347 4038 2600 4092 fluminis.
2644 4039 2810 4110 Quum

1785 4116 1933 4174 deest
1952 4120 2011 4174 in
2036 4119 2156 4173 eod.
2180 4138 2288 4191 reg.
2325 4119 2497 4190 5764.
2528 4117 2686 4171 Male.

1870 4201 1924 4255 3.
1948 4200 2060 4254 Sibi
2084 4199 2321 4252 dederent.
2347 4200 2429 4252 Ita
2452 4196 2807 4269 Oudendorp.

1788 4279 1970 4333 Oberl.
1989 4292 2042 4332 et
2061 4280 2230 4333 nostri
2245 4277 2402 4334 codd.
2421 4297 2562 4352 regg.
2588 4276 2721 4343 Alii,
2737 4281 2814 4330 uti

1786 4359 1882 4411 sibi
1899 4359 2137 4413 dederent.
