3111 5147
742 507 880 578 DE
933 510 1278 580 BELLO
1332 511 1827 583 GALLICO.
1884 515 2072 585 LIB.
2129 518 2259 586 VI.
2427 523 2575 618 247

435 656 803 740 procurant
819 696 838 730 ,
856 640 1204 736 religiones
1238 646 1775 738 interpretantur.
1814 644 1920 717 Ad
1954 647 2079 718 hos
2115 672 2395 744 magnus
2422 651 2580 722 ado-

436 749 826 820 laecentium
867 771 1182 818 numerus
1197 747 1220 790 ⁷
1254 748 1615 845 disciplinae
1657 774 1856 822 causa
1899 758 2238 826 concurrit
2252 810 2272 844 ‚
2304 781 2580 853 magno-

437 881 566 951 que
593 857 638 924 ii
682 870 838 925 sunt
880 856 1058 951 apud
1093 881 1206 926 eos
1243 856 1518 928 honore.
1550 860 1725 928 Nam
1770 859 1909 929 fere
1950 860 2032 930 de
2076 863 2384 933 omnibus
2422 890 2581 934 con-

437 964 772 1034 troversiis
805 961 1087 1093 publicis
1118 966 1520 1060 privatisque
1550 969 1962 1038 constituunt
1986 994 2006 1052 ;
2033 981 2132 1057 et,
2170 972 2223 1038 si
2266 971 2445 1065 quod
2483 985 2582 1041 est

439 1069 801 1139 admissum
888 1068 1141 1139 facinus
1157 1124 1174 1156 ‚
1219 1071 1274 1140 si
1315 1073 1525 1142 coedes
1580 1071 1755 1143 facta
1774 1127 1794 1161 ‚
1840 1076 1894 1143 si
1950 1074 2033 1143 de
2078 1075 2443 1146 hereditate
2463 1131 2482 1165 ‚
2527 1080 2583 1147 si

439 1176 524 1246 de
579 1175 819 1246 finibus
879 1180 1331 1247 controversia
1384 1193 1523 1266 est,
1579 1179 1776 1249 iidem
1829 1180 2253 1269 decernunt3
2312 1186 2583 1277 praemia

443 1304 798 1377 poenasque
841 1281 1292 1353 c‘onstituunt:
1339 1286 1394 1354 si
1436 1286 1549 1379 qui
1585 1301 1701 1354 aut
1735 1289 2032 1380 privatus
2077 1303 2192 1358 aut
2232 1289 2582 1383 publicus⁹

442 1413 671 1458 eorum
714 1389 981 1459 decreto
1032 1415 1169 1459 non
1218 1392 1396 1459 stetit
1417 1444 1438 1478 ,
1479 1391 1814 1461 sacrificiis
1872 1393 2277 1463 interdicunt
2296 1394 2363 1462 ¹⁰.
2421 1399 2583 1466 Haec

439 1517 636 1589 poena
665 1496 842 1589 apud
872 1519 986 1572 eos
1016 1510 1115 1565 est
1145 1499 1546 1592 gravissima.
1588 1499 1849 1587 Quibus
1874 1502 1966 1567 ita
1992 1513 2094 1569 est
2117 1501 2582 1598 interdictum²

439 1601 484 1668 ii
515 1623 798 1671 numero
830 1603 1186 1697 impiorum
1218 1625 1295 1672 ac
1333 1603 1802 1674 sceleratorum
1838 1604 2212 1694 habentur;
2241 1607 2316 1676 iis
2351 1631 2581 1676 omnes

438 1706 769 1777 decedunt
792 1706 865 1796 ⁸⁸,
922 1707 1172 1777 aditum
1229 1733 1460 1779 eorum
1513 1729 2019 1805 sermonemque
2067 1709 2452 1806 defugiunt,
2496 1737 2582 1781 ne

440 1812 595 1907 quid
641 1837 723 1882 ex
774 1817 1170 1909 contagione
1217 1816 1623 1886 incommodi
1678 1818 2045 1911 accipiant:
2090 1842 2305 1913 neque
2347 1819 2422 1887 iis
2465 1843 2579 1913 pe·

439 1920 727 1990 tentibus
750 1919 860 2013 jus
895 1920 1194 1992 redditur
1214 1920 1286 2011 ¹¹,
1317 1945 1532 2018 neque
1566 1923 1780 1993 honos
1816 1922 1988 1994 ullus
2031 1924 2577 1996 communicatur.

438 2027 563 2095 His
605 2041 825 2095 autem
859 2028 1165 2097 omnibus
1207 2029 1576 2099 Druidibus
1601 2046 1841 2124 proeest
1867 2053 2039 2099 unus
2060 2085 2079 2119 ,
2110 2033 2224 2126 qui
2252 2053 2579 2100 summam

441 2132 618 2200 inter
643 2157 753 2202 eos
792 2133 996 2204 habet
1039 2137 1518 2205 auctoritatem.
1567 2139 1715 2205 Hoc
1760 2150 2072 2224 mortuo,
2113 2140 2166 2205 si
2201 2139 2314 2232 qui
2355 2161 2435 2206 ex
2477 2164 2579 2207 re-

442 2235 635 2333 liquis
661 2237 918 2310 excellit
943 2240 1298 2336 dignitate,
1329 2241 1662 2312 succedit:
1696 2256 1811 2312 aut
1841 2244 1894 2314 si
1924 2256 2077 2311 sunt
2107 2240 2329 2338 plures
2356 2267 2581 2361 pares,

442 2343 759 2441 suffragio
800 2347 1135 2418 Druidum
1179 2333 1553 2443 deligitur-¹³³
1560 2401 1580 2437 ‚
1620 2371 2100 2444 nonnunquam
2140 2350 2339 2418 etiam
2382 2351 2581 2420 armis

519 2564 574 2617 7.
609 2545 704 2600 Ad
736 2548 820 2599 hos
860 2565 1061 2619 magnus
1100 2549 1464 2602 adolescentiwn

438 2645 676 2680 nme-us.
705 2627 816 2699 Ipsi
844 2641 898 2680 et
927 2629 1246 2700 professores
1284 2642 1463 2696 erant,

439 2708 570 2778 quin
588 2718 644 2760 et
657 2707 965 2779 philosophi
978 2709 1034 2761 in
1053 2708 1258 2761 honore
1274 2709 1460 2761 habiti.

441 2785 629 2840 Strabo
644 2825 661 2853 ,
684 2804 770 2841 xv:
792 2788 948 2859 Diog.
971 2789 1146 2841 Laert.
1163 2788 1281 2841 init.
1297 2788 1464 2841 libro-

441 2884 563 2920 rum
590 2884 841 2921 suorum:
871 2865 1031 2921 Diod.
1053 2866 1157 2921 Sic.
1181 2886 1247 2934 v;
1278 2879 1330 2921 et
1357 2868 1463 2920 alii.

521 2950 576 3002 8.
596 2946 656 3000 Sa·
683 2947 816 3020 qaod
840 2947 1311 3012 &adrui-munstre.
1331 2947 1468 3000 Sunt

442 3039 496 3081 et
523 3025 622 3080 soli
649 3025 884 3098 judices,
902 3039 956 3080 et
977 3025 1192 3098 quidem
1215 3026 1464 3097 supremi.

524 3125 578 3175 9.
609 3100 861 3159 Publicus.
891 3107 946 3160 Is
991 3105 1082 3178 qui
1113 3122 1335 3159 munere
1365 3122 1468 3177 pu-

443 3186 584 3239 blico
622 3186 881 3258 fungitur.
915 3185 1198 3240 Bas-issima
1236 3186 1468 3252 locutio,

444 3282 563 3337 qua
581 3282 694 3319 non
711 3267 814 3319 nisi
835 3284 901 3319 ex
920 3265 1168 3338 opposito
1183 3266 1349 3318 verbo
1369 3282 1469 3338 po·

443 3352 546 3397 test
571 3346 834 3417 cognosci.
847 3347 930 3400 Al.
945 3346 1047 3418 leg.
1061 3346 1292 3416 Populus.
1311 3344 1469 3398 Male.

533 3443 622 3478 to.
649 3425 961 3479 Inter-dicunt.
986 3426 1064 3478 Ex
1096 3420 1179 3479 his
1198 3428 1318 3497 jure
1344 3442 1470 3480 con·

450 3502 619 3557 cludit
655 3505 887 3558 Ritterus
916 3523 952 3558 ι
975 3504 1133 3557 Moro
1176 3506 1396 3570 citatus,
1428 3503 1472 3556 si

450 3580 716 3638 Druidum
743 3596 889 3638 tanta
919 3596 1148 3657 potestas
1176 3585 1355 3651 suerit,
1371 3584 1476 3637 exi·

448 3680 576 3733 guas
595 3682 722 3736 opes
747 3665 907 3719 fuisse
933 3680 1260 3720 summorum
1288 3663 1476 3717 Galliae

446 3743 879 3814 magistratuum,
909 3743 1110 3817 hosque
1142 3762 1252 3796 non
1282 3744 1386 3796 nisi
1419 3744 1475 3795 in

443 3820 598 3877 bellis
621 3824 930 3877 auctoritate
968 3823 1205 3877 valuisse.
1242 3822 1478 3894 Longius

443 3903 702 3974 processit
717 3904 821 3956 Dio
847 3904 1119 3975 Chrysost.
1154 3902 1304 3956 Orat.
1327 3918 1475 3957 xux.

448 3983 632 4036 Κιλτοὶ
669 3978 729 4035 δὲ
785 3983 1033 4044 (nied-rot<
1078 3986 1176 4043 τοῖς
1227 3981 1480 4036 ὃασιλιῢσι

447 4061 533 4114 καὶ
581 4063 828 4133 ἄρχοντας
867 4064 1067 4124 rod-tou<
1101 4057 1367 4124 ἀπεδείξαν
1403 4063 1479 4124 οὓς

450 4142 741 4212 ὀνομάζουσι
757 4139 1150 4215 Δρυΐδας....ὦςι
1171 4144 1227 4194 τὸ
1253 4142 1339 4213 μὲν
1366 4142 1482 4197 ἄλη·

449 4221 551 4287 Οἱς,
582 4223 787 4285 ἐκείνους
813 4222 1005 4293 ἄρχειν,
1030 4242 1077 4275 κ.
1099 4241 1149 4273 τ.
1168 4227 1230 4291 λ..

1638 2567 1661 2603 1
1680 2567 1729 2603 1.
1756 2550 1826 2603 Iis
1856 2568 2013 2603 omnes
2043 2549 2289 2604 decedant.
2318 2532 2434 2605 Hoc
2461 2551 2581 2605 loco

1552 2626 2075 2701 apprimefinguntur
2088 2628 2309 2684 effectus
2321 2633 2503 2685 ecclesi
2509 2651 2583 2685 as-

1551 2709 1668 2761 ticae
1677 2709 2381 2764 excommunicationimvid.
2395 2712 2577 2784 Apost.

1553 2785 1620 2840 ad
1646 2788 1956 2841 Corinthios
1970 2804 2019 2854 1,
2036 2801 2089 2842 et
2101 2789 2304 2843 Canon.
2321 2809 2353 2843 x
2374 2803 2580 2862 aposto-

1551 2866 1745 2920 lorum.
1759 2865 2115 2920 ——Dece'dunt.
2147 2868 2228 2921 Al.
2254 2868 2517 2924 diu-edunt.

1642 2964 1729 2999 η.
1763 2944 1930 3018 Neque
1969 2949 2028 2999 iis
2060 2948 2328 3017 petentibus
2347 2951 2435 3019 jus
2473 2950 2581 3001 red.

1553 3025 1700 3078 ditur.
1733 3022 1902 3097 quue
1932 3023 2133 3077 dicitur
2163 3026 2371 3078 amissio
2399 3029 2582 3081 civita·

1555 3105 1639 3157 tis.
1674 3102 1882 3158 Nostris
1923 3122 2084 3170 vero,
2126 3104 2493 3169 l'inteniicte‘on,
2534 3108 2585 3158 la

1555 3187 1829 3256 suspen-sion
1857 3184 1939 3237 des
1969 3182 2121 3236 (ἰν-οἰῶ
2151 3184 2298 3237 ciniis.

1646 3264 1732 3317 13.
1767 3264 2029 3335 Deligittm
2062 3260 2233 3317 Codd.
2279 3280 2463 3316 omnes
2500 3262 2587 3317 ad·

1560 3344 1735 3414 legitur
1751 3364 1773 3395 s
1788 3360 1903 3416 quae
1923 3342 2082 3397 lectio
2107 3343 2345 3396 unanimi
2363 3356 2582 3396 consen·-

1560 3441 1621 3476 su
1648 3438 1857 3496 recepta
1886 3423 2022 3476 mihi
2057 3423 2257 3476 sincera
2290 3424 2399 3477 sola
2431 3435 2586 3494 atque

1560 3503 1787 3575 genuina
1842 3503 2056 3558 videtur
2084 3522 2098 3555 τ
2131 3520 2229 3556 nec
2277 3520 2364 3556 me
2409 3514 2589 3557 movet

1561 3580 1766 3636 subtilis
1788 3580 2057 3637 distinctio
2083 3584 2391 3636 criticorum
2410 3598 2589 3636 recen·

1561 3662 1779 3728 tiorum,
1795 3664 1885 3734 qui
1901 3663 1971 3716 ita
1983 3674 2224 3715 vertunt:
2245 3689 2266 3709 ι
2276 3681 2443 3734 quum
2451 3662 2585 3714 adle-

1559 3761 1673 3811 get-e
1708 3743 1927 3813 proprie
1959 3741 2057 3807 sit,
2087 3740 2317 3813 aliquem
2346 3760 2444 3813 per
2484 3742 2592 3795 sus·

1566 3819 1727 3891 fragia
1743 3819 1937 3874 addere
1964 3822 2093 3874 huic
2110 3821 2334 3892 collegio
2352 3859 2371 3886 ‚
2396 3823 2450 3873 in
2517 3840 2589 3874 uo

1563 3894 1806 3953 nondum
1834 3896 2002 3953 fuerat
2017 3939 2033 3966 ,
2062 3912 2122 3953 ut
2137 3901 2405 3971 legitimus
2437 3841 2591 3954 odile-

1567 3998 1752 4052 gamm
1763 3994 2016 4032 numerus
2036 3978 2129 4032 fiat
2147 3978 2347 4051 integer
2355 3972 2591 4043 (Ernesti

1568 4059 1743 4113 mavis
1766 4055 2002 4125 Cicer.);
2026 4058 2130 4111 hoc
2177 4056 2352 4115 autem
2381 4060 2518 4124 loco,
2548 4059 2591 4113 is

1568 4141 1660 4212 qui
1699 4142 1807 4211 jam
1846 4139 2063 4192 interest
2090 4140 2312 4211 collegio
2332 4178 2348 4206 ,
2379 4158 2516 4191 unus
2562 4157 2593 4192 e

1571 4218 1861 4273 Druidihus
1884 4219 1937 4272 in
1966 4217 2234 4273 demortui
2263 4220 2442 4275 locum
2482 4218 2590 4271 suf-

2094 4313 2223 4396 16⁴
