3111 5147
468 557 605 625 DE
656 555 1008 624 BELLO
1063 557 1565 626 GALLICO.
1624 560 1814 627 LIB.
1870 560 2088 629 VIII.
2208 564 2361 657 409

232 687 511 759 Caesaris
536 687 582 755 ⁷.
615 689 806 777 Quos
824 672 847 711 ⁸
888 689 1140 757 utinam
1180 690 1295 783 qui
1329 687 1582 785 legent,
1619 692 1786 760 scire
1826 693 2083 786 possint
2101 744 2122 781 ‚
2162 716 2363 786 quam

229 796 477 863 invitus
494 794 893 888 susceperim
921 793 1337 883 scribendos3
1359 821 1492 891 quo
1516 795 1769 867 facilius
1795 821 2056 870 caream
2076 796 2363 868 stultitiae

230 915 430 995 atque
465 902 856 995 arrogantiae
897 902 1170 970 crimine
1185 955 1206 990 ,
1246 903 1360 995 qui
1401 927 1510 971 me
1551 902 1780 972 mediis
1800 902 1827 943 ⁹
1863 905 2364 998 interposuerim

233 1008 513 1076 Caesaris
540 1009 816 1102 scriptis.
842 1009 1122 1077 Constat
1149 1009 1324 1078 enim
1362 1009 1533 1078 inter
1563 1034 1792 1080 omnes
1811 1063 1831 1098 ‚
1853 1008 2015 1079 nihil
2046 1025 2184 1079 tam
2206 1035 2363 1107 ope-

234 1137 384 1182 rose
427 1112 511 1181 ab
555 1112 694 1182 aliis
729 1138 869 1183 esse
913 1114 1316 1208 perfectum,
1344 1115 1524 1209 quod
1582 1142 1718 1186 non
1767 1117 2009 1185 horum
2044 1115 2367 1211 elegantia

235 1221 884 1289 Commentariorum
921 1235 1309 1315 superetur:
1343 1222 1457 1314 qui
1485 1219 1534 1245 ⁸⁰
1564 1237 1720 1292 sunt
1752 1221 1909 1292 editi
1929 1276 1949 1310 ,
1978 1247 2062 1290 ne
2098 1224 2367 1293 scientia

233 1338 567 1395 tantarum
612 1351 835 1395 rerum
855 1323 900 1349 ¹¹
935 1327 1361 1421 scriptoribus
1404 1326 1659 1408 deesset
1690 1355 1705 1397 ε
1741 1328 2036 1423 adeoque
2079 1329 2365 1424 proban·

235 1446 349 1499 tur
391 1434 685 1502 omnium
723 1432 972 1525 judicio
988 1485 1008 1520 ,
1035 1447 1113 1501 ut
1140 1448 1464 1528 praerepta
1483 1431 1530 1458 ¹²
1547 1487 1568 1522 ‚
1596 1459 1732 1504 non
1774 1435 2047 1529 praehita
2089 1433 2366 1505 facultas

233 1539 663 1631 scriptoribus
693 1538 1008 1608 videatur.
1034 1539 1242 1632 Cujus
1267 1554 1489 1609 tamen
1518 1542 1611 1609 rei
1640 1539 1852 1659 major
1881 1555 2105 1609 nostra
2122 1593 2142 1627 ,
2164 1565 2364 1635 quam

236 1641 681 1739 reliquorum,
726 1658 826 1726 est
867 1644 1272 1715 admiratio:
1316 1647 1535 1716 caeteri
1565 1648 1776 1734 enim,
1815 1671 2013 1741 quam
2057 1647 2225 1716 bene
2265 1659 2365 1714 at·

235 1775 363 1843 que
420 1751 800 1840 emendate3
843 1777 965 1821 nos
1021 1753 1257 1839 etiam,
1300 1776 1499 1847 quam
1566 1752 1754 1823 facile
1817 1767 2013 1847 atque
2066 1751 2366 1822 celeriter

237 1880 350 1926 eos
386 1843 803 1952 perfecerit&
816 1910 836 1945 ‚
878 1860 1138 1928 scimus.
1195 1861 1358 1927 Erat
1406 1873 1630 1928 autem
1672 1861 1741 1926 in
1780 1861 2040 1944 Qaesare
2071 1884 2227 1927 cum
2269 1858 2363 1927 fa-

238 1961 447 2032 cultas
507 1979 704 2058 atque
746 1962 1067 2059 elegantia
1123 1989 1382 2036 summa
1438 1965 1797 2054 scribendi,
1842 1981 1983 2034 tum
2028 1966 2368 2034 verissima

237 2070 508 2138 scientia
536 2095 806 2140 suorum
840 2071 1264 2141 consiliorum
1298 2070 1857 2166 explicandorum.
1889 2071 2059 2140 Mihi
2088 2096 2172 2140 ne
2205 2069 2366 2140 illud

235 2174 504 2267 quidem
543 2177 811 2266 accidit,
855 2193 930 2247 ut
967 2177 1412 2247 Alexandrino
1452 2193 1650 2272 atque
1696 2178 2009 2248 Africano
2052 2174 2226 2246 bello
2264 2178 2365 2245 in-

237 2293 547 2351 teressem
591 2309 606 2351 :
646 2309 791 2378 quae
835 2283 1005 2353 bella
1051 2308 1449 2379 quamquam
1492 2309 1574 2353 ex
1624 2299 1810 2379 parte
1854 2284 2044 2353 nobis
2087 2284 2365 2353 Caesaris

238 2411 542 2457 sermone
569 2405 725 2459 sunt
748 2405 907 2459 nota
930 2415 950 2478 ;
975 2405 1197 2460 tamen
1221 2389 1409 2461 aliter
1444 2390 1748 2460 audimus
1768 2377 1817 2422 ¹⁴
1839 2414 1950 2478 ea,
1972 2414 2117 2485 quae
2140 2413 2364 2458 rerum

238 2496 530 2564 novitate
566 2511 683 2565 aut
723 2497 1152 2566 admiratione
1182 2523 1302 2567 nos
1331 2499 1602 2593 capiunt
1621 2551 1641 2586 ,
1664 2495 1885 2586 aliter,
1911 2521 2056 2592 quae
2083 2521 2206 2593 pro
2236 2510 2363 2564 tes·

238 2603 514 2670 timonio
552 2628 779 2673 sumus
809 2604 1063 2674 dicturi.
1103 2604 1234 2673 Sed
1263 2630 1388 2699 ego
1415 2606 1765 2693 nimirum,
1799 2604 1959 2673 dum
1993 2629 2222 2673 omnes
2263 2627 2367 2671 ex-

236 2710 592 2777 cusationis
634 2734 864 2778 causas
914 2708 1186 2805 colligo,
1230 2736 1314 2779 ne
1356 2734 1509 2779 cum
1550 2713 1812 2780 Caesare
1855 2708 2193 2797 conferar,
2234 2709 2365 2779 hoc

237 2812 420 2907 ipso¹
426 2798 730 2884 ⁵crimen
772 2819 1162 2910 arrogantiae
1206 2817 1440 2903 subeo,
1479 2816 1659 2910 quod
1710 2841 1815 2885 me
1857 2815 2105 2908 judicio
2147 2816 2364 2910 cujus·

234 2944 437 3014 quam
479 2922 843 2991 existimem
879 2946 1072 3016 posse
1115 2947 1268 2991 cum
1314 2924 1574 2994 Caesare
1611 2923 2000 3016 comparari.
2040 2919 2224 2990 Vale.

320 3150 374 3201 7.
392 3130 626 3184 Sedvitoe
646 3129 869 3184 Coesanls.
895 3131 1020 3184 Non
1047 3129 1260 3186 videtur
1345 3131 1442 3185 ait:
1457 3131 1640 3203 [neptis
1661 3142 1855 3201 gratum
1870 3131 2084 3197 fortasse
2097 3131 2254 3197 ficit,
2280 3134 2365 3202 qui

234 3222 414 3263 tamen
461 3229 626 3283 usque
674 3209 740 3263 ad
783 3209 840 3264 id
886 3225 1095 3284 tempus
1139 3231 1259 3265 suos
1342 3212 1517 3263 volum
1551 3210 1640 3262 illa
1674 3211 1960 3261 calamistri}
1980 3213 2196 3270 tumere,-
2221 3228 2363 3261 sanos

233 3287 581 3362 produxisse;
620 3304 710 3343 aut
764 3291 1010 3344 nonnulli
1052 3289 1120 3344 ad
1161 3310 1259 3345 nos
1343 3291 1530 3362 quidem
1555 3291 1762 3342 homines
1790 3309 1824 3341 a
1850 3289 2097 3341 scribendo
2114 3289 2360 3341 decer-nait.

236 3388 348 3422 non
376 3382 750 3442 pervenerunt.
1346 3370 1494 3425 Nihil
1544 3374 1668 3422 enim
1705 3382 1780 3421 est
1813 3373 1864 3421 in
1908 3370 2134 3432 historia,
2161 3388 2295 3440 pura
2315 3379 2367 3419 et

323 3450 377 3503 8.
404 3450 556 3519 Quos.
569 3448 893 3505 subauditur
919 3451 1115 3516 libros,
1145 3450 1258 3503 scil.
1346 3451 1526 3503 illustri
1554 3449 1781 3503 havitare
1814 3449 2017 3501 dulcius.

239 3528 505 3582 Octavum
542 3528 608 3582 de
651 3530 799 3583 Bello
830 3530 1036 3583 Gallico
1051 3568 1069 3596 ,
1102 3542 1155 3583 et
1191 3530 1257 3582 li·
1431 3549 1455 3583 1
1470 3532 1518 3584 3.
1547 3530 1826 3597 Peg-lecerit.
1855 3529 2066 3600 vulgat.
2093 3528 2361 3595 conficeret.

238 3609 400 3661 hrum
412 3606 482 3661 de
510 3610 658 3663 Bello
688 3609 1061 3663 Alexandrino.
1430 3629 1453 3662 ι
1467 3617 1518 3673 4.
1532 3608 1700 3661 Aliter
1717 3609 1951 3661 audimus.
1970 3608 2053 3661 Ita
2062 3619 2365 3683 temporum

341 3707 395 3757 9.
442 3689 634 3743 Mediis.
682 3689 942 3742 Nonnulli
967 3727 984 3755 ,
1039 3689 1256 3742 mediana.
1345 3689 1480 3741 ratio
1515 3686 1797 3761 legendum
1827 3688 2075 3759 postulat.
2099 3686 2236 3738 Nam
2260 3686 2364 3738 hoc

239 3767 544 3840 Utrumque
572 3782 729 3822 recte.
1344 3768 1463 3821 loco
1488 3786 1663 3820 sermo
1679 3781 1757 3821 est
1780 3766 1925 3820 deco
1938 3764 2085 3837 quod
2107 3766 2265 3838 vulgo
2283 3764 2361 3818 fit.

326 3866 417 3901 ro.
449 3848 565 3918 Qui.
597 3848 718 3901 scil.
745 3848 829 3901 isti
849 3848 1229 3901 commentarii.
1347 3848 1452 3900 Alii
1480 3860 1657 3901 tamen
1695 3848 1895 3900 habent
1922 3847 2200 3898 audivimus.

328 3947 351 3981 1
369 3946 419 3980 1.
450 3929 717 3985 Tantarum
742 3947 910 3982 rerum.
933 3928 1190 3981 Nonnulli
1208 3939 1262 3980 et
1432 3928 1519 3980 15.
1545 3927 1659 3979 Hoc
1685 3930 1802 3998 ‘2⁰⁸⁰-
1822 3926 1945 3978 Non
1970 3926 2106 3977 male
2132 3923 2363 3977 restituit

239 4005 361 4061 cod.
394 4019 576 4061 noster
606 4007 754 4078 5764
781 4046 798 4073 ‚
838 4021 1079 4060 tantarum
1106 4026 1258 4060 mrum
1343 4006 1589 4060 Davisius
1624 4018 1679 4057 et
1722 4003 2070 4076 Oudendorp.
2112 4003 2363 4056 Probavit

236 4099 499 4156 gestatum.
528 4111 603 4121 -
631 4088 842 4142 Deesset.
874 4088 957 4140 Al.
988 4088 1123 4139 desit.
1343 4105 1409 4139 ex
1437 4085 1557 4140 cod.
1597 4086 1770 4138 Oxon.
1811 4085 1899 4138 cui
1937 4082 2216 4137 assentitur
2241 4082 2358 4136 cod.

329 4186 417 4221 υ.
468 4167 537 4220 Ut
573 4179 842 4239 prorupta,
876 4179 966 4219 etc.
995 4169 1073 4220 Re
1101 4185 1260 4232 ven,
1345 4184 1453 4238 reg.
1486 4167 1636 4238 5764
1656 4204 1675 4232 ,
1706 4184 1734 4218 a
1764 4184 1845 4237 pr.
1889 4182 2066 4218 manu.
2107 4162 2243 4229 Alii,
2273 4164 2361 4215 hoc

242 4244 1092 4314 cioero,dec·sareinl3ruto‚c.
1114 4252 1221 4300 262
1242 4284 1258 4312 ,
1347 4251 1520 4317 ipsum,
1555 4246 1892 4317 ineleganter.
