3111 5147
566 508 715 594 248
878 470 1292 585 c.JiJL11
1341 502 1810 571 cAEsAms
1863 500 2411 571 COMMENT.

557 639 644 708 de
685 638 1059 733 principatu
1102 634 1530 706 contendunt.
1577 635 1663 702 Hi
1694 647 1877 702 certo
1903 634 2073 702 anni
2115 648 2447 765 tempore
2449 637 2519 703 in
2546 636 2709 709 fini-

558 745 684 815 bus
729 729 1169 813 Carnutum¹⁴
1172 767 1380 835 ,quae
1423 741 1605 870 regio
1646 742 1849 809 totius
1892 738 2123 810 Galliae
2165 726 2447 808 media¹⁵
2490 742 2705 813 habe-

558 865 710 939 tur,
738 850 1144 920 considunt
1125 874 1192 917 m
1227 831 1449 918 loco¹⁶
1484 861 1889 917 consecrato.
1926 849 2076 914 Huc
2104 872 2334 916 omnes
2370 848 2708 943 undique,

559 958 670 1050 qui
708 957 1190 1026 controversias
1231 954 1518 1041 habent,
1561 954 2002 1040 conveniunt,
2045 978 2405 1047 eorumque
2433 954 2706 1047 judiciis

561 1063 972 1158 decretisque
1015 1075 1267 1156 parent.
1316 1057 1682 1153 Disciplina
1717 1061 1782 1126 in
1834 1061 2173 1127 Britannia
2215 1075 2478 1154 reperta
2497 1060 2568 1150 ¹⁷,
2599 1077 2701 1131 at·

560 1195 690 1263 que
722 1169 874 1237 inde
917 1170 985 1235 in
1030 1165 1312 1237 Galliam
1356 1164 1673 1235 translata
1706 1190 1847 1235 esse
1884 1168 2290 1235 existimatur
2320 1192 2335 1233 ε
2374 1181 2442 1235 et
2481 1192 2703 1257 nunc,

562 1277 675 1370 qui
723 1272 1095 1368 diligentius
1146 1297 1292 1341 eam
1339 1296 1477 1340 rem
1526 1296 1928 1367 cognoscere
1983 1271 2217 1341 volunt
2238 1326 2257 1360 ‚
2307 1270 2703 1369 plerumque

558 1379 672 1450 illo
712 1379 1007 1470 discendi
1049 1403 1250 1448 causa
1281 1378 1810 1474 proficiscuntur.

666 1489 853 1556 XIV.
903 1485 1191 1556 Druides
1262 1508 1302 1552 a
1355 1482 1548 1553 bello.
1578 1485 1806 1554 abesse
1848 1499 2289 1572 consuerunt,
2327 1510 2535 1580 neque
2575 1490 2697 1555 tri·

561 1592 723 1662 buta
767 1617 900 1661 una
933 1617 1089 1682 cum
1127 1589 1389 1685 reliquis
1432 1591 1776 1685 pendunt;
1820 1589 2063 1660 militiae
2101 1592 2507 1661 vacationem
2543 1617 2693 1661 om-

561 1701 875 1794 niumque
901 1723 1124 1768 rerum
1150 1697 1402 1765 habent
1425 1688 1906 1781 immunitatem
1923 1696 1961 1762 ¹.
1982 1698 2208 1766 Tantis
2238 1700 2499 1767 excitati
2526 1723 2693 1792 prae-

562 1807 709 1875 miis
728 1859 749 1894 ,
788 1820 855 1873 et
897 1829 1018 1873 sua
1059 1817 1293 1896 sponte
1335 1800 1525 1870 multi
1567 1804 1634 1869 in
1671 1800 2079 1896 disciplinam
2112 1805 2632 1893 conveniunt,et
2659 1830 2701 1875 a

560 1910 946 2006 parentibus
990 1909 1506 2002 propinquisque
1551 1909 1921 1977 mittuntur.
1972 1910 2297 2003 Magnum
2337 1910 2428 1978 ibi
2468 1934 2702 1980 nume·

564 2042 713 2086 rum
755 2039 1080 2103 versuum·
1122 2014 1411 2084 ediscere
1450 2013 1762 2083 dicuntur
1781 2011 1844 2081 ²:
1881 2016 2101 2109 itaque
2145 2039 2352 2084 annos
2399 2017 2704 2087 nonnulli

566 2217 759 2285 ficitur.
782 2242 806 2264 n
828 2216 1016 2269 Est-ne
1029 2214 1161 2270 adeo
1174 2227 1376 2270 certum
1404 2214 1471 2269 ad
1480 2217 1592 2271 hoec

565 2296 851 2368 respexisse
892 2296 1188 2362 Caesarem,
1222 2315 1390 2368 quum
1430 2298 1593 2368 scrip-

561 2376 634 2429 sit
664 2376 949 2447 adlegitur-P
962 2377 1187 2428 Minime
1253 2390 1359 2441 to;
1392 2389 1446 2428 et
1484 2375 1591 2428 lec-

565 2456 766 2509 tionem
779 2457 1010 2524 deligitur
1020 2495 1035 2519 ‚
1057 2474 1149 2508 seu
1162 2476 1189 2506 e
1207 2458 1357 2523 igitur
1368 2449 1592 2525 glossam

568 2553 678 2589 esse
704 2548 939 2589 autumo.

654 2632 676 2666 1
689 2619 741 2677 4.
758 2613 1007 2683 Infiuibus
1023 2613 1305 2666 Carnutum.
1316 2615 1439 2678 Quo
1453 2615 1593 2680 loco,

566 2711 677 2747 non
695 2705 840 2763 patet
854 2711 869 2744 ε
885 2711 1007 2745 nam
1022 2693 1180 2764 hujus
1192 2691 1330 2746 sedis
1340 2694 1592 2746 nullaho·

566 2771 655 2825 die
662 2772 1104 2844 exstantvestigia.
1116 2774 1179 2824 In
1188 2773 1400 2844 regione
1418 2785 1593 2828 tamen

567 2850 710 2904 dicta
740 2852 786 2904 le
806 2871 934 2923 pays
984 2851 1250 2904 Char-emin
1263 2873 1284 2914 ,-
1317 2853 1373 2904 in
1417 2851 1596 2908 media

565 2932 696 2985 silva
727 2945 854 2984 tunc
883 2933 1136 3003 temporis
1167 2930 1493 2986 densissima.

654 3012 741 3064 15.
790 3012 917 3080 Quoe
953 3015 1085 3082 regio
1113 3012 1282 3064 media.
1324 3010 1440 3064 Hoc
1480 3031 1590 3065 non

564 3091 725 3144 nimis
776 3089 1107 3163 urgendum3
1154 3089 1247 3144 sed
1276 3091 1441 3144 laxius
1484 3090 1592 3145 dici

565 3165 794 3222 mediam
807 3171 1078 3244 regionem
1094 3171 1300 3224 monuit
1315 3170 1587 3225 cellarius.

563 3250 645 3301 Ita
686 3267 900 3321 quoque
936 3250 1219 3303 umbilicus
1247 3264 1400 3302 terrae
1427 3268 1590 3322 quem

566 3327 739 3382 Graeci
761 3327 1036 3382 credidere
1066 3330 1123 3381 in
1138 3329 1375 3400 Delphis.

653 3426 675 3461 1
688 3413 737 3462 6.
750 3409 811 3460 In
827 3407 947 3460 loco.
962 3409 1296 3461 Voss.mallet
1310 3408 1431 3461 luco.
1450 3408 1588 3462 Obs-

565 3499 680 3540 tant
695 3483 850 3540 codd.
868 3500 920 3539 et
934 3505 1012 3558 gr.
1029 3488 1125 3540 int.
1154 3488 1249 3558 qui
1262 3488 1585 3559 habetro'wq».

566 3560 813 3619 Oudend.
843 3566 1044 3638 recepit
1084 3566 1219 3628 luco‚·
1257 3566 1414 3628 male,
1465 3567 1589 3639 qula

565 3665 669 3698 vox
685 3647 975 3699 consecrato
996 3643 1319 3699 redundaret
1335 3665 1457 3699 cum
1483 3649 1585 3700 Lu·

566 3744 647 3786 co,
679 3726 773 3796 qui
801 3723 1000 3777 Sacrum
1030 3745 1190 3777 :temus
1216 3725 1487 3795 significat.

662 3823 683 3856 1
697 3822 749 3874 7.
790 3806 1062 3874 Disciplc'na
1089 3793 1157 3856 'in
1201 3805 1459 3858 Britannia
1509 3827 1586 3858 re·

553 3895 714 3954 perta.
750 3877 892 3958 Non,
923 3897 983 3936 ut
995 3885 1243 3937 nonnulli
1273 3885 1459 3938 volunt
1477 3924 1495 3950 ,
1526 3887 1583 3939 in

562 3962 736 4016 insula
747 3962 932 4029 Mona,
950 3964 1046 4016 ubi
1057 3963 1458 4018 celeberrimum
1471 3978 1585 4018 erat

560 4042 850 4111 templum,
879 4041 1205 4098 Druidarum
1243 4043 1421 4109 sedes;
1457 4064 1581 4098 nam

560 4116 1093 4178 duobussaeoulissul.
1109 4123 1239 4177 Caes.
1254 4125 1584 4197 temporibus

555 4193 614 4252 id
639 4202 892 4276 templum
924 4202 1185 4276 posterius
1209 4216 1300 4257 est.

1761 2217 1890 2269 Car.
1922 2217 2073 2270 XIV.
2125 2236 2171 2269 1.
2211 2204 2521 2290 Onviiumque
2546 2238 2704 2271 rerum

1680 2296 1855 2348 habent
1883 2300 2235 2369 ibn-munitatem.
2277 2297 2346 2349 Et
2383 2315 2443 2349 ea
2486 2316 2703 2370 quoque

1679 2376 1953 2448 privilegia
1979 2388 2129 2428 erant
2157 2376 2448 2448 antiquitus
2481 2395 2510 2429 a
2530 2379 2697 2449 patri-

1679 2455 1779 2508 bus
1800 2456 1993 2507 nostris
2016 2455 2417 2527 religiosissimis
2427 2456 2701 2510 Gallicano

1681 2534 1838 2588 Clero
1853 2554 2119 2604 concessa3
2135 2534 2228 2590 sed
2246 2536 2318 2590 30
2328 2535 2520 2590 abhinc
2533 2534 2701 2592 'annis

1680 2628 1924 2669 extincta.

1766 2714 1815 2747 α.
1849 2695 2085 2765 Magnum
2119 2696 2186 2747 ibi
2213 2713 2452 2748 timuerunt
2481 2717 2705 2751 versuum

1680 2774 1884 2825 ediscere
1894 2775 2132 2826 dicuntur.
2147 2776 2288 2828 Tum
2301 2777 2372 2828 ob
2400 2777 2704 2832 facilitatem

1680 2850 1950 2918 discendi,
1974 2867 2089 2905 tum
2117 2855 2188 2906 ob
2216 2856 2623 2910 concinnitatem
2644 2870 2704 2911 et

1679 2934 2004 3005 elegantiam.
2037 2933 2197 2987 Arist.
2224 2933 2260 2987 l.
2291 2936 2709 2991 Rhetoricornm

1678 3030 1765 3074 111,
1775 3032 1828 3081 9.
1832 3019 1902 3065 T*
1876 3035 1937 3066 ων
1949 3015 2135 3084 μέτρων
2150 3015 2334 3075 πάντες
2350 3018 2704 3087 mugi-ovationem

1677 3095 1859 3162 μᾶλλον
1898 3099 1988 3145 τῶν
2011 3088 2196 3160 χύδην,
2224 3096 2417 3165 ἀριθμὸν
2437 3094 2529 3166 γὰρ
2543 3092 2697 3164 ἔχει
2660 3120 2704 3166 ῳ

1677 3175 1946 3242 μιτριῖται.
1961 3172 2103 3225 Gon.
2106 3171 2315 3227 Horum
2327 3188 2500 3227 autem
2511 3178 2706 3229 carmi-

1677 3269 1807 3303 num
1818 3270 1966 3322 ,quae
1993 3253 2058 3303 ab
2072 3250 2482 3307 adolescentibus
2495 3250 2700 3306 edisce-

1677 3330 1888 3397 bantur,
1898 3344 2136 3384 auctores
2143 3346 2294 3386 erant
2301 3330 2470 3406 Bardi.
2484 3346 2700 3396 nam,ut

1676 3410 1751 3462 ait
1776 3409 1997 3475 Sti-abc,
2025 3411 2061 3463 l.
2080 3429 2168 3476 ιν,
2190 3432 2243 3484 p.
2282 3430 2403 3481 197,
2421 3410 2519 3463 tria
2547 3407 2701 3482 apud

1674 3488 1855 3542 Gallos
1879 3490 2157 3543 hominum
2187 3510 2373 3562 genera
2402 3490 2458 3544 in
2488 3490 2704 3545 honore

1675 3569 2016 3634 erant,Ba1-di,
2033 3570 2114 3620 Va
2120 3582 2185 3621 tes
2198 3582 2250 3623 et
2258 3570 2479 3623 Druidae.
2494 3569 2703 3625 Bardos

1672 3648 1746 3702 ait
1774 3648 1931 3702 fuisse
1955 3648 2173 3719 ὑμνητάς
2197 3650 2281 3704 καὶ
2297 3650 2521 3711 ποιητὰς,
2539 3648 2706 3722 hym-

1672 3746 1867 3794 norum
1885 3741 2125 3782 cantores
2141 3742 2195 3782 et
2212 3743 2423 3801 poetas;
2444 3730 2614 3792 Vates,
2636 3731 2703 3783 ἱε-

1670 3809 1917 3879 ροποιοὺς,
1943 3805 2264 3875 sacerdotes,
2279 3810 2374 3880 qui
2399 3809 2534 3861 rebus
2553 3814 2703 3861 inter·-

1672 3887 2035 3951 essentdiviaem
2054 3887 2289 3951 Druidas,
2318 3890 2595 3959 φυσιλόγους
2616 3887 2705 3942 καὶ

1674 3968 1880 4030 ὄθικοὺς,
1919 3980 2162 4022 naturam
2204 3969 2617 4040 contemplantes
2648 3980 2703 4021 et

1672 4048 1927 4100 moralem
1978 4046 2369 4120 philosophiam
2429 4046 2699 4101 docentes.

1672 4126 1846 4179 Caesar
1862 4128 1962 4180 tria
1982 4128 2094 4179 haec
2114 4146 2304 4198 genera
2316 4126 2416 4179 sub
2434 4124 2704 4182 Dmidum

1670 4207 1888 4259 nomine
1917 4208 2029 4259 solo
2047 4205 2430 4278 complectitur.
