3111 5147
775 565 929 661 498
1541 567 1687 634 DE
1743 562 2168 634 GALLIA

769 702 846 770 iis
889 698 1221 796 pecudum
1260 712 1329 767 et
1369 722 1565 767 suum
1602 722 1836 793 greges
1856 751 1875 787 ,
1914 711 1991 766 ut
2031 721 2343 792 sagorum
2383 711 2453 766 et
2481 697 2894 769 salsamento-

768 833 921 876 rum
951 808 1211 902 copiam
1253 831 1390 875 non
1424 808 1658 874 Romae
1699 818 1961 873 tantum
2005 805 2431 899 suppeditent
2446 860 2466 893 ,
2506 806 2624 875 sed
2661 822 2729 874 et
2771 805 2901 901 ple·

768 916 987 1009 risque
1025 912 1232 983 Italiae
1266 911 1581 1007 partibus.
1601 939 1638 976 ω
1673 914 1835 980 Haec
1869 912 1960 980 ita
1991 912 2246 981 Strabo.
2284 912 2389 981 Ad
2423 912 2717 1008 politiam
2745 912 2907 983 Gal·

765 1018 984 1090 lorum
1041 1035 1321 1089 transeo.
1384 1021 1550 1088 Erat
1605 1031 1829 1086 autem
1886 1016 2194 1112 simplex,
2244 1020 2435 1090 sicuti
2470 1020 2910 1089 conveniebat

765 1127 1017 1222 populo
1052 1128 1190 1220 jam
1232 1126 1534 1220 antiqu0,
1561 1126 1701 1219 jam
1732 1122 1995 1193 cultura
2034 1123 2253 1219 aliqua
2285 1125 2369 1194 ad
2412 1128 2743 1220 optimum
2783 1130 2907 1196 rei·

765 1233 1045 1327 publicae
1085 1246 1330 1302 statum
1359 1230 1753 1317 informato,
1777 1230 1892 1299 sed
1912 1231 2209 1301 nondum
2232 1231 2598 1328 perpolito,
2628 1233 2904 1328 ideoque

761 1364 900 1410 non
941 1338 1233 1426 luxuria,
1287 1340 1639 1433 pravisque
1682 1338 1933 1407 artibus
1972 1362 2139 1432 quas
2192 1341 2586 1434 ingenerant
2633 1340 2901 1427 divitiae,

761 1462 832 1515 et
871 1447 1166 1541 potentia
1199 1443 1559 1515 debilitato.
1591 1447 1803 1513 Erant
1821 1450 2236 1539 generatim,
2257 1459 2336 1514 ut
2368 1448 2461 1514 ait
2495 1449 2758 1533 Caesar,
2780 1473 2901 1541 per

762 1568 990 1647 gentes
1030 1553 1377 1622 distributi.
1415 1552 1716 1644 Quaeque
1760 1575 1951 1644 genS,
2001 1552 2233 1621 civitas
2274 1551 2486 1639 dicta,
2537 1578 2661 1622 suo
2699 1578 2887 1648 pecu·

762 1658 908 1728 liari
966 1661 1118 1753 jure
1188 1658 1550 1727 fruebatur.
1607 1659 1733 1726 Hic
1814 1682 2003 1753 reges
2046 1661 2382 1754 perpetui,
2423 1660 2540 1729 sed
2586 1663 2701 1755 qui
2736 1685 2865 1729 non

664 1767 668 1771 ’
760 1766 957 1835 nullis
991 1768 1060 1834 in
1083 1765 1538 1836 occasionibus
1586 1765 1885 1833 revocari
1925 1779 2268 1859 poterant,
2304 1790 2731 1860 quorumque
2784 1794 2896 1862 po-

757 1875 963 1941 tentia
997 1875 1268 1968 exiguos
1293 1874 1466 1940 intra
1488 1872 1803 1940 terminos
1829 1871 2313 1957 continebatur3
2350 1871 2440 1940 ibi
2476 1877 2897 1968 magistratus

757 1980 960 2048 annui
980 2033 1000 2066 ,
1027 1977 1134 2047 vel
1165 1977 1301 2047 duo
1316 2033 1336 2066 ,
1360 1976 1466 2045 vel
1491 1976 1744 2072 plures,
1767 1991 1845 2046 ut
1873 1978 2051 2072 apud
2077 1977 2326 2047 AEduos
2343 1970 2891 2074 (Vergobretus).

756 2086 1120 2155 Armoricae
1143 2086 1439 2154 civitates
1465 2084 1777 2153 videntur
1803 2083 1888 2152 ad
1921 2085 2395 2154 democratiam
2432 2090 2895 2180 propensiores

761 2191 992 2282 fuisse,
1037 2214 1193 2260 nam
1234 2194 1458 2261 Caesar
1495 2215 1621 2260 nec
1668 2189 1751 2258 de
1794 2192 2320 2284 magistratibus,
2377 2216 2502 2260 nec
2540 2191 2628 2261 de
2648 2193 2893 2264 clienti·

757 2298 885 2370 bus
911 2324 1143 2369 eorum
1165 2297 1491 2393 loquitur,
1536 2295 1717 2390 quod
1743 2320 1879 2365 non
1911 2298 2154 2365 mirum
2198 2313 2299 2366 est
2336 2298 2419 2365 de
2450 2298 2719 2394 populis
2746 2325 2894 2370 oras

759 2409 1121 2477 maritimas
1155 2404 1636 2489 habitantibus,
1654 2417 1853 2496 atque
1873 2405 2068 2473 unice
2091 2406 2489 2474 commercio
2505 2404 2767 2475 deditis.
2792 2410 2892 2477 De

760 2515 1012 2582 caeteris
1050 2510 1157 2580 adi
1201 2513 1532 2579 Caesarem
1570 2510 1787 2603 ipsum
1811 2507 1851 2578 l.
1884 2532 1977 2580 vl.
2018 2511 2233 2606 capite
2268 2534 2293 2580 1
2313 2508 2356 2582 3
2380 2565 2399 2597 ‚
2422 2526 2488 2581 et
2519 2536 2702 2608 seqq.
2736 2516 2887 2583 Haec

757 2632 1018 2687 tantum
1041 2642 1122 2686 ex
1145 2616 1473 2684 Strabone
1487 2668 1507 2702 ,
1522 2614 1671 2685 loco
1695 2617 1803 2683 cit.
1829 2616 2069 2687 addam
2096 2643 2110 2686 ε
2142 2607 2633 2712 Apis-omarum}
2653 2614 2715 2686 δ’
2740 2619 2886 2695 ἦσαν

757 2723 821 2791 αἱ
855 2721 1095 2801 πλείους
1129 2732 1252 2791 τῶν
1280 2728 1638 2805 πολιτειῶν,
1667 2748 1800 2790 ιτ.
1817 2730 1880 2792 λ.
1907 2753 1941 2789 α
1960 2723 2228 2819 Pleraeq.
2249 2748 2483 2794 eorum
2503 2727 2887 2823 respublica

757 2830 843 2899 ab
854 2829 1281 2926 optimatibus
1307 2828 1864 2925 gubernabantur.
1882 2831 2261 2925 Antiquitus
2288 2856 2498 2902 unum
2534 2837 2889 2928 quotannis

755 2939 1154 3035 principem,
1184 2938 1474 3033 itemque
1525 2961 1735 3006 unum
1772 2935 1927 3006 belli
1965 2937 2203 3008 ducem
2242 2937 2601 3009 multitudo
2646 2940 2889 3037 delige·

755 3044 871 3114 bat
909 3072 924 3114 :
968 3070 1148 3115 nunc
1178 3047 1638 3114 Romanorum
1680 3043 2006 3113 mandatis
2046 3044 2184 3114 fere
2234 3061 2490 3139 parent.
2547 3045 2887 3117 Peculiare

755 3152 1095 3247 quidpiam
1124 3149 1371 3220 habent
1396 3153 1463 3220 in
1481 3150 1792 3224 conciliis.
1823 3152 2059 3246 siquis
2078 3153 2258 3220 enim
2275 3151 2519 3222 'dicenti
2544 3154 2891 3249 obstrepat

754 3273 874 3328 aut
911 3257 1386 3349 tumultuetur,
1417 3257 1610 3326 lictor
1638 3257 1893 3327 accedit
1923 3260 2151 3328 stricto
2185 3257 2437 3346 cultro,
2476 3261 2667 3328 minis
2695 3261 2885 3328 adhi-

755 3364 908 3434 bitis
956 3379 1177 3435 tacere
1219 3389 1372 3434 eum
1405 3365 1599 3459 jubet
1632 3390 1646 3433 τ
1690 3365 1887 3459 idque
1924 3366 2165 3435 iterum
2210 3389 2288 3435 ac
2328 3367 2524 3435 tertio
2568 3365 2747 3451 facit,
2791 3391 2882 3435 eo

758 3495 895 3540 non
935 3486 1231 3542 cessante
1266 3497 1281 3540 :
1324 3485 1585 3540 tantum
1628 3496 1668 3539 a
1712 3496 1872 3565 sago
1931 3473 2070 3565 ejus
2124 3470 2390 3540 tandem
2428 3486 2761 3567 amputat,
2806 3488 2891 3544 ut

757 3576 1082 3671 reliquum
1124 3580 1209 3646 sit
1239 3576 1483 3646 inutile.
1518 3576 1598 3647 Id
1630 3579 1722 3647 eis
1755 3603 1909 3648 cum
1938 3576 2390 3673 compluribus
2418 3578 2559 3647 aliis
2585 3580 2887 3650 barbaris

755 3708 1111 3754 commune
1152 3698 1280 3767 est,
1310 3684 1492 3777 quod
1513 3685 1844 3753 contraria
1877 3688 2116 3754 nostris
2148 3685 2445 3754 moribus
2460 3738 2480 3773 ,
2510 3687 2766 3755 ratione
2788 3689 2887 3756 vi·

751 3814 982 3860 rorum
1026 3803 1095 3858 et
1127 3788 1512 3877 mulierum,
1558 3790 1777 3860 officia
1820 3791 2068 3861 habent
2109 3790 2473 3861 distributa.
2508 3792 2711 3887 Apud
2740 3795 2886 3862 uni·

750 3920 979 3966 versos
1024 3911 1247 3965 autem
1289 3897 1426 3965 fere
1483 3898 1609 3965 tria
1650 3896 1993 3967 hominum
2049 3914 2204 3969 sunt
2268 3922 2509 3994 genera
2528 3952 2549 3986 ,
2612 3924 2762 3993 quae
2812 3901 2881 3966 in

749 4002 1064 4099 singulari
1107 4004 1437 4072 habentur
1473 4004 1730 4072 honore
1767 4029 1782 4071 ε
1839 4005 2065 4093 Bardi,
2120 4009 2325 4076 Vates
2351 4059 2370 4094 ,
2420 4019 2489 4074 et
2552 4005 2875 4074 Druidae:

748 4109 990 4179 horum
1022 4109 1220 4179 Bardi
1251 4110 1536 4205 hymnos
1570 4125 1818 4180 canunt
1842 4164 1861 4198 ,
1906 4126 2246 4206 poetaeque
2291 4126 2444 4181 sunt
2477 4137 2492 4179 ε
2529 4114 2738 4182 Vates
2774 4136 2879 4181 sa-

747 4216 1047 4291 crificant
1071 4232 1140 4286 et
1160 4211 1467 4292 naturam
1488 4242 1714 4293 rerum
1739 4217 2305 4314 contemplantur:
2334 4217 2607 4288 Druidae
2633 4233 2879 4314 praeter
