3111 5147
453 544 598 613 DE
650 544 1019 613 BELLO
1073 543 1599 615 GALLICO.
1657 544 1856 612 LIB.
1913 544 2139 613 VIII.
2251 547 2395 632 441

268 680 788 773 perterritosque
815 676 940 747 suh
966 676 1237 747 sarcinis
1259 678 1328 744 in
1351 677 1585 745 itinere
1614 678 1940 808 aggressi,
1965 701 2208 772 magna
2237 704 2408 774 prae·

270 784 359 853 da
379 837 398 872 ,
435 784 661 854 multis
701 783 1062 854 interfectis
1079 836 1101 873 ‚
1133 772 1498 876 potiuntur.
1542 785 1648 853 Ita
1706 836 1726 870 ,
1756 808 1828 853 re
1871 783 2040 854 bene
2070 800 2255 881 gesta
2273 839 2293 874 ,
2335 811 2406 857 se

267 892 598 985 recipiunt
632 893 700 960 in
736 906 969 962 castra.

376 1000 705 1068 XXVIII.
732 997 1114 1092 Insequenti
1145 1011 1342 1065 nocte
1377 994 1619 1066 Fabius
1644 998 1895 1090 equites
1920 998 2286 1091 praemittit‚
2310 1000 2404 1067 sic

271 1118 574 1198 paratos,
605 1119 683 1173 ut
716 1105 1182 1198 confligerent,
1211 1117 1409 1197 atque
1442 1127 1643 1175 omne
1677 1127 1916 1199 agmen
1952 1119 2406 1193 morarentur,

270 1209 434 1279 dum
465 1224 981 1306 consequeretur
1006 1211 1163 1305 ipse.
1195 1209 1405 1303 Cujus
1426 1211 1773 1305 praeceptis
1798 1225 1876 1278 ut
1904 1236 2007 1280 res
2033 1225 2407 1305 gereretur,

271 1316 361 1406 Q.
405 1318 593 1386 Atius
632 1316 914 1405 Varus¹,
948 1316 1298 1413 praefectus
1338 1319 1633 1411 equitum
1654 1369 1674 1405 ‚
1717 1315 2063 1411 singularis
2098 1331 2167 1386 et
2204 1319 2407 1387 animi

271 1437 343 1491 et
373 1422 740 1516 prudentiae
773 1425 879 1493 vir
898 1478 918 1512 ,
949 1447 1104 1494 suos
1138 1422 1483 1511 hortatur3
1512 1447 1881 1518 agmenque
1914 1423 2205 1494 hostium
2244 1448 2404 1495 con-

272 1543 573 1618 secutus,
596 1544 849 1599 turmas
876 1533 1118 1625 partim
1148 1530 1397 1599 idoneis
1423 1529 1584 1599 locis
1619 1529 1932 1625 disponit,
1951 1531 2193 1626 partim
2221 1532 2402 1625 equi-

272 1649 414 1705 tum
446 1635 745 1730 praelium
776 1637 1147 1707 committit.
1183 1638 1534 1731 Equitatus
1557 1637 1848 1706 hostium
1875 1636 2170 1731 confligit
2199 1637 2401 1707 auda-

273 1743 415 1811 cius
428 1740 476 1828 ²,
494 1743 1000 1813 succedentibus
1028 1741 1546 1838 sibi-peditibus3
1583 1746 1731 1838 qui,
1760 1757 1902 1814 toto
1939 1744 2201 1841 agmine
2245 1745 2398 1813 sub-

275 1851 576 1918 sistentes
593 1904 612 1936 ,
639 1848 967 1945 equitibus
1025 1851 1158 1919 suis
1215 1864 1448 1920 contra
1499 1865 1763 1943 nostros
1801 1850 2023 1920 ferunt
2062 1847 2421 1919 auxilium..

271 1955 379 2023 Fit
410 1954 710 2051 praelium
753 1959 891 2027 acri
932 1958 1292 2026 certamine
1322 1982 1337 2024 :
1377 1980 1664 2052 namque
1717 1959 1959 2047 nostri,
2004 1959 2402 2053 contemptis

272 2061 486 2156 pridie
513 2064 835 2157 superatis
861 2063 1162 2133 hostibus
1176 2118 1197 2152 ‚
1210 2087 1417 2158 quum
1436 2063 1745 2157 subsequi
1765 2061 2053 2158 legiones
2070 2065 2403 2135 meminis·

226 2211 232 2217 ·
277 2182 428 2236 sent
451 2222 468 2256 ,
493 2184 562 2238 et
580 2168 837 2264 pudore
858 2170 1132 2241 cedendi
1148 2224 1168 2258 ,
1211 2184 1281 2238 et
1320 2170 1681 2265 cupiditate
1721 2193 1843 2266 per
1879 2195 1948 2239 se
1977 2155 2406 2240 conficiendi³
2416 2230 2421 2235 .

275 2273 506 2368 praelii,
522 2275 873 2347 fortissime
891 2291 1125 2347 contra
1142 2275 1394 2372 pedites
1405 2275 1875 2373 praeliabantur
1887 2303 1909 2365 3
1923 2266 2299 2370 hostesque,
2312 2277 2410 2346 ni-

273 2379 370 2449 hil
385 2381 668 2478 amplius
681 2386 1023 2479 copiarum
1040 2406 1460 2454 accessurum
1479 2382 1844 2473 credentes,
1854 2398 1931 2452 ut
1942 2382 2154 2478 pridie
2173 2407 2414 2479 cogno-

273 2503 534 2576 verant,
544 2488 806 2560 delendi
820 2491 1146 2586 equitatus
1166 2492 1373 2560 nostri
1385 2490 1561 2559 nacti
1574 2492 1987 2560 occasionem
1998 2487 2414 2559 videbantur.

380 2598 639 2666 XXIX.
699 2599 928 2687 Quum
963 2597 1341 2693 aliquandiu
1385 2623 1645 2667 summa
1683 2598 2107 2671 contentione
2149 2596 2419 2668 dimica·-

274 2717 495 2790 retur,
530 2706 919 2774 Dumnacus
954 2707 1221 2774 instruit
1255 2705 1462 2773 aciem
1485 2757 1505 2791 ‚
1540 2728 1686 2799 quae
1719 2707 1853 2774 suis
1888 2718 2060 2775 esset
2094 2704 2420 2798 equitibus

271 2809 558 2880 invicem
599 2812 922 2905 praesidio.
959 2814 1131 2880 Tum
1176 2825 1445 2906 repente
1487 2810 1801 2879 confertae
1841 2809 2130 2905 legiones
2157 2813 2226 2880 in
2259 2836 2419 2881 con-

272 2930 575 3010 spectum
618 2917 908 2988 hostium
947 2919 1222 2988 veniunt
1237 2915 1279 2985 ¹.
1331 2916 1594 3007 Quibus
1629 2917 1783 2985 visis
1799 2970 1819 3004 ,
1842 2916 2161 3011 perculsae
2179 2917 2416 2986 barba-

357 3103 412 3154 6.
445 3100 544 3154 Ita.
587 3100 692 3153 Alii
723 3104 898 3172 itaque.
932 3098 1113 3152 Minus
1148 3099 1304 3152 bene.
1393 3111 1483 3151 etc.
1514 3098 1587 3152 Et
1614 3098 1727 3151 hec
1757 3096 1963 3170 phrasis
1993 3095 2125 3152 adeo
2156 3099 2417 3158 concinna

356 3180 488 3234 Cn.
506 3180 769 3233 XXVIII.
796 3198 846 3233 ι.
867 3180 936 3249 Q.
954 3178 1103 3233 Atius
1123 3179 1303 3231 Varus.
1393 3190 1471 3231 est
1485 3216 1502 3243 ,
1525 3192 1588 3231 ut
1614 3196 1725 3232 non
1753 3177 1851 3231 alia
1876 3177 2226 3250 explicatione
2252 3192 2414 3250 egeat.

275 3257 450 3315 codd.
471 3260 582 3313 fere
594 3277 779 3313 omnes
795 3260 862 3329 Q.
887 3260 1097 3311 Titurius
1112 3259 1171 3311 V
1163 3277 1276 3311 arus
1284 3296 1300 3321 ‚
1393 3259 1623 3329 Vulgata
1651 3271 1705 3312 et
1734 3258 1982 3311 nonnulli
2012 3255 2169 3311 codd.
2186 3258 2413 3312 habent:

273 3357 371 3394 seu
392 3340 577 3392 Durus.
603 3340 674 3392 Et
697 3339 831 3392 Scal.
853 3358 918 3393 ex
941 3338 1092 3392 Fulv.
1121 3338 1306 3392 Ursini
1395 3337 1632 3391 Consistit
1640 3338 1871 3390 audacius
1879 3338 2414 3412 equinhostmuocedm-

273 3420 580 3492 conjectura
599 3420 838 3491 reposuit
858 3419 925 3489 Q.
946 3419 1098 3472 Atius
1120 3419 1300 3480 Varus,
1392 3418 1517 3470 tibus
1527 3419 1625 3470 siba·
1633 3418 1785 3490 pedit.
1810 3422 1895 3490 qui
1914 3429 2014 3470 toto
2034 3421 2227 3488 agmine
2237 3418 2413 3472 subsis-

274 3500 371 3571 qui
408 3499 532 3553 ntis
562 3499 618 3552 in
650 3499 794 3553 bello
825 3500 968 3552 civili
1003 3498 1300 3552 innotescit.
1390 3509 1537 3550 tentes
1564 3501 1707 3571 equit.
1739 3501 1863 3560 suis,
1898 3509 1988 3552 etc.
2028 3497 2170 3551 Nota
2197 3502 2415 3551 comisat-

275 3579 546 3633 Incertum
567 3593 661 3633 est.
1387 3590 1442 3631 et
1462 3579 1602 3632 inl-'ra
1617 3578 1917 3631 subsistentes
1927 3598 1950 3642 ,-
1973 3595 2133 3650 qnam
2154 3578 2412 3649 ingratam

362 3679 412 3714 a.
434 3659 672 3731 &W
682 3658 938 3723 audacius,
951 3669 1041 3712 etc.
1057 3657 1207 3711 Hanc
1226 3670 1303 3710 to·
1386 3659 1760 3729 repetitionem
1792 3657 1964 3712 nom-i
1991 3655 2148 3711 codd.
2180 3657 2365 3711 vitant.

277 3750 386 3792 tam
409 3738 644 3810 phrasim
659 3738 865 3793 restitui
881 3756 947 3791 ex
959 3737 1165 3810 optimo
1178 3736 1298 3793 eod.
1470 3739 1522 3791 3.
1549 3739 1637 3790 Ee·
1648 3738 1910 3809 aviditate
1924 3756 2018 3809 per
2039 3757 2090 3789 se
2110 3735 2405 3807 corficiendo'.

275 3820 342 3871 R.
355 3820 512 3890 Angl
530 3829 582 3872 et
597 3820 790 3872 nostris
802 3819 912 3872 ΚΒ.
933 3818 1106 3888 5763,
1128 3820 1300 3888 5764,
1388 3816 1602 3888 vulgat.
1618 3836 1632 3871 :
1649 3830 1699 3869 et
1725 3817 1986 3890 cupiditate
2016 3817 2212 3870 celerius
2237 3836 2332 3889 per
2357 3838 2415 3871 se

273 3898 378 3952 nisi
400 3897 548 3970 quod
573 3899 723 3969 5763
750 3917 850 3971 pro
879 3899 1180 3951 subsistam
1204 3897 1300 3950 ha·
1384 3896 1551 3966 eonfic.
1581 3898 1704 3951 Vox
1723 3898 1920 3950 celerius
1944 3898 2122 3951 exulat
2141 3896 2210 3950 ab
2230 3898 2405 3951 onni-

273 3978 368 4032 bet
394 3977 779 4031 subsistentibus:
824 3979 928 4031 levi
975 3977 1298 4042 nmatione,
1384 3975 1484 4029 bus
1507 3977 1618 4030 fere
1644 3975 1802 4030 codd.
1829 3989 1883 4031 et
1900 3977 2072 4049 reipsa
2088 3975 2291 4030 inutilis
2306 3990 2401 4031 est.

273 4057 1298 4131 etmelegmdmdicimmzoqedtum
1472 4057 1603 4110 Cu.
1646 4057 1849 4110 xxlx.
1899 4075 1947 4110 1.
1992 4057 2056 4109 In
2108 4069 2404 4128 conspectum

274 4138 397 4191 hose.
428 4140 648 4210 configit
665 4139 919 4201 audacius,
946 4136 1294 4190 mandantibus
1383 4133 1585 4190 hostium
1603 4140 1819 4189 venirat.
1844 4135 2040 4190 Similis
2057 4134 2281 4190 varietas
2301 4138 2403 4192 lee-

272 4217 367 4271 stbae·
387 4218 653 4289 pediam,
673 4220 760 4291 qm·
786 4230 887 4271 toto
909 4221 1099 4288 agmine
1122 4207 1297 4269 subses-
1383 4216 1566 4276 tionis,
1593 4236 1712 4289 qn·
1731 4235 1889 4288 supr·
1910 4235 1957 4270 c.
1987 4218 2257 4286 27.A1.2·n
2285 4237 2403 4272 001·-

277 4310 422 4362 tenm
439 4293 462 4358 (
474 4298 615 4354 firmi
643 4296 869 4364 stantes)
894 4298 1124 4370 equitibus
1153 4301 1251 4349 cuis
1269 4337 1288 4372 2
1378 4309 1553 4366 spectu.
