3111 5147
737 534 882 630 372

1075 527 1153 596 C.
1207 523 1488 593 JULII
1543 519 2006 589 CAESARIS
2061 521 2606 590 COMMENT.

734 657 1268 760 conjuncti‘inter
1302 681 1371 726 se
1407 670 1605 749 atque
1636 650 1983 746 implicati3
2013 678 2147 747 quo
2178 657 2289 748 qui
2320 657 2758 738 intraverant,
2784 677 2851 721 se

733 775 857 870 ipsi
907 766 1296 840 acutissimis
1334 759 1520 831 vallis
1562 757 1924 827 induebant
1956 756 2021 826 ¹².
2058 763 2199 829 Hos
2234 763 2466 856 cippos
2486 746 2534 786 ¹³
2568 758 2820 855 appella

735 957 804 1007 At
820 991 837 1019 ,
870 947 1074 1020 inquiet
1103 940 1323 1012 aliquis,
1364 930 1634 1007 quomodo
1672 942 1752 1023 tot

735 1035 895 1087 fossas
910 1069 927 1095 ,
951 1030 1090 1080 inter
1114 1042 1169 1076 se
1194 1019 1500 1087 conjunctas
1513 1026 1565 1065 et
1582 1011 1755 1083 imph-

735 1127 873 1166 catas
908 1126 1046 1161 unus
1076 1100 1333 1157 exercitus
1374 1096 1511 1148 iutra
1557 1108 1753 1164 paucos

733 1193 847 1246 dies
858 1205 1074 1263 prorsus
1085 1180 1344 1235 conficere
1351 1171 1549 1247 potuit?
1559 1172 1679 1225 Non
1692 1189 1752 1222 ea

736 1287 811 1327 est
844 1266 1062 1342 quaestio
1096 1282 1110 1316 ε
1142 1278 1266 1314 nam
1289 1254 1554 1310 neminem
1587 1250 1752 1322 fug-it,

729 1355 1001 1405 'Romanos
1013 1343 1183 1398 multo
1189 1341 1344 1412 plura
1350 1333 1755 1402 difficilioraque

735 1432 860 1485 alias
885 1426 1214 1481 munimenta
1242 1415 1554 1472 confecisse:
1573 1425 1626 1465 et
1640 1410 1755 1482 qui-

733 1511 860 1565 dem
892 1504 1126 1562 breviori
1153 1515 1406 1570 tempore.
1448 1494 1602 1547 Prius
1630 1509 1753 1544 cum

734 1590 918 1664 Lipsio
945 1584 1358 1654 excogitaveram
1383 1573 1619 1645 quinque
1646 1573 1751 1624 fos·

735 1672 874 1724 sulas
898 1676 1180 1740 perpetuas
1194 1700 1210 1726 ,
1225 1654 1245 1721 (
1258 1654 1514 1724 desen-ples
1539 1655 1753 1703 minum

735 1771 799 1803 ou
828 1748 1095 1809 macida,
1109 1740 1129 1806 )
1143 1730 1615 1823 quinquepedibus
1627 1747 1753 1801 pro-

735 1828 926 1883 fundas
942 1866 958 1893 ,
990 1827 1045 1878 in
1083 1820 1276 1892 quibus
1314 1816 1496 1866 insertl
1535 1810 1756 1901 finssent

736 1908 947 1970 trunci,
978 1906 1049 1956 ita
1080 1912 1140 1951 ut
1160 1895 1319 1949 ramis
1340 1902 1542 1945 tantum
1563 1907 1757 1940 emine-

735 2000 871 2043 rent.
906 1983 1011 2037 Alii
1049 1975 1240 2033 volunt
1269 1971 1560 2043 simplicem
1586 1966 1756 2038 dejec-

735 2084 851 2121 tum
867 2066 1144 2123 arborum,
1158 2051 1244 2118 (un
1266 2052 1431 2123 simple
1453 2048 1609 2100 abati-5
1627 2047 1756 2098 d’an-

736 2142 878 2210 ὀνκ)
890 2146 944 2197 in
958 2143 1150 2194 fossam
1158 2126 1623 2208 quinquepedibus
1635 2145 1757 2198 pro-

734 2225 958 2282 fundam
1003 2218 1314 2278 demissum,
1356 2223 1409 2263 et
1449 2208 1504 2259 in
1540 2205 1755 2259 ordines

735 2309 971 2380 quinque
982 2299 1340 2353 distributum.
1358 2287 1759 2356 AtBerlinglu'eri

734 2387 906 2441 multo
918 2380 1080 2451 magis
1089 2370 1410 2429 horrendam
1423 2380 1477 2419 et
1498 2363 1754 2418 formido-

735 2468 901 2519 losam
920 2457 1216 2514 machinam
1248 2447 1534 2503 intellexit:
1557 2458 1610 2497 et
1633 2444 1753 2515 qui-

739 2545 860 2598 dem
877 2540 1012 2594 ratio
1023 2533 1273 2608 postulat,
1291 2541 1348 2581 ut
1364 2524 1622 2597 gradatim
1643 2539 1756 2577 mu-

735 2621 955 2677 nitionis
975 2607 1537 2680 accessiooperosioret
1545 2604 1752 2675 pericu-

735 2704 900 2759 losior
926 2694 1166 2750 hostibus
1199 2690 1308 2741 fiat.
1338 2686 1465 2739 Post
1498 2684 1641 2736 enim
1677 2695 1752 2734 ta-

739 2785 838 2834 leas
846 2791 899 2832 et
905 2769 1376 2841 scmbes,dequibus
1384 2764 1522 2817 infra
1529 2761 1753 2828 dicetur,

738 2863 847 2934 qui,
864 2874 1067 2930 quaesO,
1090 2849 1381 2922 simplicem
1389 2843 1651 2915 dejectum
1669 2862 1752 2895 ar-

738 2943 932 2994 borum
942 2934 1253 3004 excogitare,
1262 2946 1419 2999 quem
1431 2925 1516 2978 vel
1531 2922 1753 2975 evellere

736 3022 821 3074 vel
831 3013 1111 3072 incendere
1121 3009 1271 3063 facile
1284 3000 1577 3079 potuissent
1590 3001 1754 3055 Gaui?
1828 3024 1835 3029 ·

736 3102 808 3155 Et
833 3117 930 3171 ego
956 3110 1166 3167 quoque
1192 3088 1380 3142 critico
1408 3102 1567 3156 supra
1593 3082 1752 3133 citato

737 3179 1018 3240 assentior;
1052 3170 1143 3225 sed
1181 3167 1251 3221 de
1294 3163 1456 3218 modo
1497 3162 1753 3215 fossarum

736 3251 1222 3330 conjungendarum
1242 3259 1294 3299 et
1312 3239 1753 3315 implicandarum

735 3358 848 3393 non
863 3333 1109 3390 convenit
1125 3329 1265 3380 inter
1276 3343 1388 3376 nos.
1402 3322 1499 3374 Ille
1511 3339 1575 3372 ex
1587 3320 1752 3372 verbo

736 3424 897 3490 ctivpos
910 3457 924 3477 ,
957 3430 1066 3484 quo
1092 3407 1309 3463 nomine
1325 3418 1487 3475 genus
1516 3401 1619 3451 hoc
1651 3399 1750 3450 im·

733 3494 1028 3571 pedimenti
1054 3491 1227 3543 Caesar
1251 3479 1544 3552 insignivit,
1576 3479 1751 3548 cujus-

736 3595 841 3650 que
866 3571 1082 3642 vestigia
1119 3564 1291 3619 adhuc
1319 3576 1591 3615 remanere
1616 3555 1752 3609 dixit

736 3658 794 3709 in
829 3672 959 3706 voce
984 3649 1157 3702 italica
1193 3643 1415 3714 ceppaja,
1447 3637 1611 3699 έεοίἱε,
1652 3656 1751 3688 ma.

734 3734 1001 3800 chinefaite
1022 3748 1078 3780 en
1086 3728 1246 3794 forme
1263 3720 1473 3783 d’e'toile,
1497 3715 1751 3770 describit

731 3815 920 3870 seriem
935 3812 1192 3872 fossarum
1204 3799 1512 3855 habentium
1525 3798 1751 3850 formam

731 3895 1001 3950 stellarum
1015 3927 1032 3954 ,
1057 3886 1293 3959 quinque
1303 3879 1468 3934 radiis
1486 3876 1753 3930 distincta-

732 3980 886 4037 ru1'n3
923 3982 977 4022 et
1016 3986 1102 4020 eas
1138 3964 1309 4018 stellas
1343 3970 1596 4031 perpetuas
1640 3958 1714 4009 ait
1733 3994 1750 4021 ,

731 4055 857 4125 quia
873 4051 1012 4102 inter
1030 4066 1084 4099 se
1112 4047 1186 4098 ita
1212 4041 1568 4114 implicantur,
1591 4049 1651 4089 ut
1672 4054 1752 4089 ra·

731 4130 852 4183 dius
883 4127 1077 4200 prioris
1107 4124 1267 4177 stellae
1308 4122 1470 4173 intret
1495 4118 1551 4169 in
1584 4118 1747 4169 inter-

728 4210 867 4263 valla
890 4207 1123 4259 duorum
1147 4199 1420 4255 radiorum
1436 4194 1680 4251 secundm
1695 4207 1750 4249 et

726 4287 959 4346 vicissim
969 4284 1125 4353 ‚serie
1132 4274 1496 4341 continua.(V.
1511 4277 1617 4330 tab.
1635 4293 1752 4329 mu·

1839 932 1936 985 nit.
1946 952 2047 986 sec.
2062 932 2423 1004 Berlingbt'eri.)
2438 936 2687 1006 Egovero
2693 934 2849 987 lineas

1839 1007 2109 1083 angulares
2128 1015 2365 1085 quinque
2385 1013 2622 1085 suspicor
2648 1014 2787 1067 inter
2800 1033 2850 1065 se

1828 1095 2026 1161 junctas
2064 1105 2113 1144 et
2145 1095 2441 1164 implicatas,
2466 1095 2537 1145 ita
2576 1106 2637 1146 ut
2668 1093 2849 1146 sel-iem

1838 1171 2185 1225 rhomborum
2194 1175 2361 1225 oculis
2369 1167 2708 1233 offerantz(V.
2721 1174 2785 1226 T.
2798 1191 2847 1225 n.

1842 1254 1874 1305 8
1882 1249 1919 1313 .)
1929 1253 2001 1304 sic
2012 1252 2368 1305 inextricabile
2375 1265 2425 1304 et
2432 1250 2759 1305 horrendum
2770 1252 2853 1304 fie-

1838 1332 1885 1382 ri
1897 1332 2069 1402 potuit
2082 1351 2245 1403 genus
2258 1332 2361 1384 hoc
2369 1330 2754 1403 impedimenti,
2764 1351 2850 1403 qno

1839 1415 1921 1483 qui
1929 1416 2299 1473 aher-avemmmt
2307 1413 2379 1463 ait
2390 1413 2582 1475 emar,
2592 1431 2644 1462 se
2653 1414 2852 1481 ἱρεῖαι»

1839 1494 2029 1542 tile-times
2035 1492 2181 1543 vallis
2188 1492 2461 1544 induebam.
2471 1490 2633 1556 Quod
2640 1488 2849 1563 quidem

1838 1571 2149 1623 munitionis
2172 1590 2337 1642 genus
2352 1610 2368 1635 ‚
2401 1572 2601 1634 fateor,
2626 1572 2850 1642 postulat

1839 1668 2082 1720 campum
2099 1651 2400 1721 aequiorem.
2416 1651 2603 1721 Itaque
2617 1689 2633 1715 ,
2648 1663 2707 1701 ut
2720 1650 2849 1702 infra

1840 1730 2017 1782 innuit
2049 1743 2262 1795 auctor,
2290 1729 2500 1783 videtur
2530 1730 2586 1781 in
2619 1730 2747 1782 locis
2771 1747 2849 1781 ar-

1839 1808 1957 1861 duis
1989 1809 2146 1862 fuisse
2176 1811 2533 1881 interruptum
2580 1828 2747 1879 opus,
2771 1809 2850 1861 vel

1840 1890 2015 1942 minus
2030 1889 2268 1956 firmum;
2290 1901 2614 1960 quapropter
2630 1886 2851 1941 vidimus

1840 1967 2020 2021 Gallos
2046 1969 2100 2020 in
2122 1969 2500 2040 campestribus
2526 1968 2767 2039 et‘planis
2783 1969 2851 2020 lo-

1839 2048 1913 2101 cis
1937 2067 2006 2100 ne
2033 2047 2089 2100 id
2110 2047 2325 2119 quidem
2347 2060 2582 2100 evertere
2607 2047 2850 2112 valuisse3

1840 2141 1893 2179 et
1912 2128 2108 2179 vallum
2139 2128 2414 2180 obsessisse
2440 2138 2645 2179 tantum
2679 2127 2735 2179 in
2766 2126 2850 2178 de·

1835 2207 2061 2277 jectibus
2076 2207 2317 2269 collium,
2352 2207 2436 2259 vel
2471 2206 2526 2258 in
2578 2207 2711 2259 locis
2730 2225 2850 2278 pra-

1842 2287 2028 2358 ruptis.
2046 2286 2177 2339 vid.
2193 2287 2327 2338 infra
2357 2305 2509 2356 capp.
2545 2289 2577 2340 8
2594 2305 2614 2338 x
2639 2299 2724 2351 ,et
2746 2305 2845 2356 seq.

1841 2365 1952 2417 Nec
1979 2364 2169 2418 dubito
2198 2367 2327 2436 quin
2359 2363 2521 2417 hodie
2548 2384 2696 2418 nunc
2733 2366 2849 2418 tale·

1840 2445 1987 2497 fossa
2004 2447 2197 2498 nostris
2213 2445 2599 2497 munitionibus
2628 2463 2846 2516 campes-

1838 2524 2008 2577 tribus
2038 2524 2323 2597 adjuncta,
2346 2537 2399 2578 et
2426 2542 2452 2576 a
2481 2526 2761 2578 tormentis
2772 2524 2847 2578 vel

1839 2605 1998 2657 etiam
2027 2624 2055 2658 a
2079 2607 2247 2677 globis
2268 2606 2472 2676 ignitis,
2500 2618 2727 2677 propter
2754 2605 2845 2657 hu·

1840 2683 2117 2738 militatem
2148 2697 2303 2750 tutae,
2332 2684 2387 2736 in
2432 2685 2619 2737 multis
2652 2685 2847 2737 casibus

1838 2765 2071 2817 maximo
2109 2764 2228 2817 usui
2261 2763 2326 2816 ad
2357 2761 2720 2816 defensionem
2746 2763 2848 2819 val-

1836 2844 2013 2896 lorum
2030 2843 2136 2896 sint
2165 2845 2372 2896 futura.
2397 2845 2492 2896 Rei
2512 2843 2755 2896 militaris
2770 2861 2852 2915 pe-

1836 2923 1952 2975 ritis
1969 2921 2316 2993 judicandum
2339 2923 2443 2975 hoc
2462 2925 2735 2994 permitto.

1926 3020 1949 3054 1
1964 3022 2012 3054 ι.
2027 3002 2090 3054 Se
2105 3006 2199 3072 ipsi
2214 3002 2485 3056 iuduebam.
2502 3003 2712 3055 Pbrasis
2723 3021 2845 3074 gra-

1837 3098 1895 3132 ca
1918 3093 2013 3135 est.
2045 3081 2292 3152 Xenoph.
2323 3082 2525 3153 Cyrop.
2557 3083 2593 3135 l.
2618 3100 2641 3134 1
2658 3121 2675 3148 ‚
2696 3081 2762 3135 de
2782 3082 2848 3134 le·

1836 3179 1999 3231 pore:
2021 3151 2107 3213 Ῐνσι
2135 3163 2181 3213 ἐν
2214 3169 2284 3232 τῷ
2315 3156 2507 3232 σφόδρα
2543 3163 2727 3231 φεύγειν
2763 3164 2847 3214 αὖ·

1836 3242 1918 3300 τὸς
1954 3243 2123 3293 ἱαυτὸν
2151 3242 2409 3312 ἐμπίπτων
2440 3237 2596 3293 ἐνέδυ.
2629 3241 2847 3310 Antiqua

1836 3333 1890 3373 et
1901 3321 2103 3391 elegans
2116 3318 2369 3391 loquendi
2389 3320 2633 3372 formula.
2648 3320 2728 3372 Sic
2750 3319 2840 3370 inf.

1836 3400 2009 3453 Caesar
2028 3411 2368 3470 noster‚cap.
2406 3402 2500 3453 82.
2530 3400 2610 3451 Ita
2638 3415 2840 3470 quoque

1836 3479 2029 3548 Virgil.
2057 3477 2268 3531 AEneid.
2299 3478 2337 3531 l.
2368 3498 2431 3543 x,
2454 3499 2505 3530 v.
2545 3480 2652 3533 681
2680 3497 2693 3531 :

1834 3562 1897 3602 A·
1918 3578 2001 3603 sese
2026 3578 2212 3604 mucrone
2229 3565 2281 3602 ob
2297 3571 2449 3603 nutum
2471 3565 2642 3604 dedecus
2663 3577 2792 3603 anem

1834 3632 1979 3672 Induat
1989 3660 2312 3672 .............

1835 3746 1912 3756 —
1940 3714 2004 3767 Se
2033 3717 2125 3784 {osi
2153 3713 2424 3766 indeoebant.
2452 3713 2524 3765 Iis
2543 3714 2847 3766 s'enubarms-
2928 3772 2935 3789 ι

1835 3798 2010 3855 saient,
2037 3794 2097 3844 ils
2120 3794 2549 3847 s'encheveemieat.

1922 3875 2011 3928 13.
2053 3874 2245 3944 Cippos.
2291 3873 2428 3937 Quia
2468 3873 2660 3946 cippus
2698 3874 2850 3944 vulgo

1832 3953 2093 4024 significat
2104 3955 2401 4006 columnam
2428 3971 2549 4024 qum
2565 3953 2849 4025 sepulchris

1835 4030 2040 4104 imponi
2072 4034 2269 4085 solebat
2285 4069 2302 4097 ,
2331 4032 2413 4084 vel
2441 4033 2759 4099 terminum,
2792 4032 2850 4084 li-

1834 4111 2047 4176 mitem,
2075 4115 2167 4183 qui
2191 4112 2439 4164 monebat
2467 4112 2725 4177 viatores,
2750 4129 2849 4183 qua

1838 4193 2061 4246 transire
2076 4193 2257 4244 liceret
2272 4228 2288 4257 ,
2304 4190 2650 4261 publicumne
2662 4212 2728 4245 an
2748 4192 2849 4264 pri·

1834 4285 2023 4328 vatum
2048 4272 2150 4327 iter
2171 4283 2323 4337 esset,
2338 4272 2506 4341 qualis
2523 4271 2625 4327 istc
2646 4272 2844 4346 cippus,
