3111 5147
578 536 719 606 DE
771 534 1121 604 BELLO
1171 535 1666 607 GALLICO.
1723 537 1912 607 LIB.
1968 539 2021 606 Ι.
2267 540 2370 613 63

234 692 477 740 manos
542 691 857 766 superare
877 722 897 756 ‚
933 669 988 737 si
1037 682 1189 738 ante
1244 692 1487 738 novam
1542 666 1770 738 lunam
1822 669 2048 765 praelio
2101 689 2371 745 conten-

230 774 507 846 dissent.

340 886 459 952 LI.
493 881 817 952 Postridie
844 881 984 1001 ejus
1013 879 1139 950 diei
1169 882 1394 951 Caesar
1420 881 1764 976 praesidio¹
1789 884 2083 979 utrisque
2114 890 2373 978 castris,

236 990 417 1085 quod
446 992 607 1059 satis
631 1012 775 1058 esse
801 990 1016 1057 visum
1044 1002 1144 1057 est
1163 986 1516 1082 ‚reliquit3
1539 1013 1768 1058 ornnes
1801 987 2078 1060 alarios'
2111 994 2179 1060 in
2215 1018 2372 1064 con-

239 1110 477 1191 spectu
536 1096 829 1183 hostium
886 1118 1011 1190 pro
1067 1096 1298 1164 castris
1356 1095 1721 1164 minorihus
1781 1099 2156 1186 constituit,
2196 1100 2375 1194 quod

242 1206 459 1272 minus
511 1200 931 1271 multitudine
987 1197 1267 1269 militum
1325 1198 1834 1332 legionariorum
1903 1228 2026 1298 pro
2085 1205 2374 1276 hostium

241 1333 521 1377 numero
574 1306 875 1396 valebat,
906 1322 985 1376 ut
1041 1306 1127 1375 ad
1184 1309 1469 1402 speciem
1486 1292 1763 1377 ³alariis
1815 1324 2128 1380 uteretur.
2184 1314 2373 1408 Ipse,

246 1414 485 1510 triplici
531 1417 856 1483 instructa
904 1415 1044 1483 acie
1062 1437 1316 1508 ‚usque
1359 1413 1443 1482 ad
1485 1428 1704 1483 castra
1744 1414 2031 1484 hostium
2079 1423 2369 1490 accessit„

243 1523 409 1590 Tum
436 1520 709 1591 demum
730 1522 1097 1595 necessario
1115 1521 1431 1589 Germani
1459 1544 1610 1589 suas
1634 1522 1857 1615 copias
1889 1525 2118 1592 castris
2144 1525 2376 1595 eduxe-

248 1642 396 1696 runt
415 1614 1009 1721 ‚generatimque⁴
1044 1629 1561 1713 constituerunt,
1585 1626 1980 1721 parffiusque
2016 1631 2371 1701 intervallis

247 1733 586 1820 Harudes,
606 1735 1122 1802 Marcomannos
1143 1786 1162 1822 ‚
1186 1733 1544 1802 Triboccos
1560 1735 1974 1828 ,Vangiones
1991 1787 2011 1821 ‚
2029 1736 2369 1822 Nemete5‚

249 1838 558 1908 Sedusios
572 1893 593 1926 ‚
615 1841 900 1928 Suevos;
929 1863 1323 1935 omnemque
1344 1841 1551 1908 aciem
1576 1863 1762 1908 suam
1788 1840 2007 1909 rhedis
2034 1854 2101 1910 et
2126 1830 2371 1912 carris⁵

247 1944 852 2034 circumdederunt,
884 1970 969 2015 ne
1010 1971 1141 2040 qua
1183 1970 1331 2040 spes
1386 1948 1454 2014 in
1515 1946 1673 2040 fuga
1726 1945 2218 2042 relinqueretur.
2268 1952 2372 2020 Eo

247 2050 555 2121 mulieres
594 2054 1086 2146 imposuerunt,
1117 2077 1263 2147 quae
1302 2054 1370 2121 in
1395 2051 1691 2147 praelium
1725 2053 2215 2147 proficiscentes
2250 2058 2369 2124 mi·

247 2142 438 2227 lites⁶
470 2161 671 2253 passis
699 2158 1047 2228 manibus⁷
1086 2159 1318 2229 flentes
1352 2158 1831 2254 implorabant,
1854 2184 1938 2227 ne
1975 2184 2044 2230 se
2073 2161 2143 2229 in
2178 2164 2372 2232 servi-

248 2277 452 2333 tutem
486 2267 805 2334 Romanis
840 2265 1193 2334 traderent.

242 2454 411 2510 Greci
428 2456 695 2510 immunes
709 2474 818 2509 non
834 2454 1074 2510 fuerunt:
1095 2455 1260 2528 siqui·

240 2532 359 2589 dem
401 2548 517 2590 erat
558 2537 617 2589 in
658 2537 890 2610 Lycurgi
918 2537 1154 2609 legibus,
1192 2554 1261 2589 ne

238 2628 361 2668 ante
386 2616 748 2689 plenilunium
766 2636 887 2670 cum
906 2617 1141 2669 exercitu
1156 2616 1264 2669 exi·

238 2708 371 2749 rent.
406 2696 700 2769 Propterea
741 2709 916 2750 antem
958 2696 1265 2768 properavit

238 2794 475 2848 pugnare
503 2775 709 2842 Cast,
726 2788 787 2829 ut
815 2788 963 2829 notat
988 2776 1227 2829 Frontin.
1244 2814 1262 2841 ‚

240 2867 297 2907 ut
326 2857 440 2909 acie
467 2857 776 2920 commissa,
801 2856 1056 2928 religione
1087 2856 1263 2908 hostes

238 2934 543 3007 impediret.
583 2934 671 2989 Sic
697 2937 1049 3007 Vespasianus
1077 2937 1262 2988 sabba-

238 3025 417 3068 torum
446 3014 540 3068 die
570 3012 784 3068 Judaeos
813 3015 958 3068 vicit.
986 3014 1129 3069 Gon.

312 3095 448 3149 Cu.
470 3096 563 3148 LI.
606 3113 653 3148 1.
687 3095 941 3148 Proesidab.
969 3094 1073 3147 Alii
1095 3099 1265 3165 proese'-

236 3173 383 3227 ἆὶιικ.
419 3175 529 3227 Alii
549 3175 838 3245 proesidio...
857 3176 1035 3227 relicto.
1064 3189 1071 3194 “

317 3273 371 3308 a.
420 3254 644 3308 Alae-ios.
678 3255 786 3307 Ala
822 3273 886 3307 ex
937 3253 1089 3306 sociis
1135 3271 1262 3306 con·

236 3335 477 3400 stabant,
512 3346 564 3387 et
593 3335 821 3387 maxima
851 3353 914 3387 ex
943 3345 1091 3405 parte
1121 3333 1266 3404 equi-

236 3414 405 3480 tibus,
423 3414 501 3467 ita
519 3412 673 3466 dicte
692 3453 709 3479 ,
728 3414 858 3488 quod
870 3418 1042 3465 circum
1060 3414 1265 3482 legiones

235 3493 405 3545 latta
453 3498 744 3566 sinistraque
761 3533 777 3556 ‚
815 3506 1037 3566 tanquam
1079 3494 1171 3544 aloe
1215 3497 1265 3544 in

232 3579 388 3625 avim
408 3575 706 3644 corporibus,
721 3574 1023 3635 brabantum·
1037 3585 1097 3626 ut
1111 3569 1266 3625 docet

230 3653 368 3706 Gen.
400 3653 472 3707 N.
506 3654 615 3707 Att.
649 3672 775 3718 xvr,
809 3650 991 3718 4.vid.
1020 3654 1162 3725 Lips-
1197 3649 1264 3705 de

232 3733 392 3786 uuit.
420 3734 581 3785 Rom.
613 3734 650 3787 l.
685 3751 763 3798 11,
793 3751 840 3787 c.
876 3751 929 3804 7.
959 3735 1093 3785 Du.

310 3813 365 3867 3.
411 3813 488 3865 Ut
528 3813 600 3863 ad
629 3817 841 3884 spectem.
873 3813 1010 3878 Quia
1057 3811 1262 3877 alariis,

229 3893 320 3964 qui
352 3892 647 3945 maximam
672 3905 875 3964 partem
905 3892 1047 3945 Galli
1083 3903 1262 3957 erant,

228 3991 427 4043 parum
450 3970 653 4026 fidebat
666 4011 683 4038 ,
696 3972 870 4025 noluit
889 3973 1084 4026 habere
1098 3971 1264 4043 legio-

228 4054 397 4105 nariis
432 4052 736 4118 immixtos,
760 4050 854 4106 sed
880 4053 1181 4124 proximos,
1212 4062 1265 4103 et

230 4131 295 4184 ad
310 4132 553 4205 speciem
565 4133 1054 4204 tantum,pourfaire
1066 4144 1261 4184 montre.

308 4220 365 4277 4.
427 4211 726 4266 Germ-atini.
777 4212 879 4265 Per
924 4223 1102 4283 gentes
1117 4249 1133 4276 ‚
1173 4229 1265 4264 seu

224 4293 735 4364 nationes,singnlae
757 4303 935 4363 gentes
959 4303 1013 4346 et
1028 4291 1264 4348 nationes

1347 2454 1664 2526 singulatim.
1689 2455 1856 2510 Grac.
1882 2456 2102 2531 interpr.
2123 2460 2257 2513 κατὰ
2282 2480 2368 2532 pu·

1345 2536 1453 2597 λα’ς.
1480 2537 1561 2590 Ita
1590 2555 1672 2610 ap.
1704 2536 1919 2610 Homer.
1949 2538 2013 2591 11.
2045 2539 2118 2598 B,
2153 2557 2204 2594 ν.
2236 2541 2369 2609 362,

1347 2615 1552 2669 κατὰυ
1494 2622 1619 2687 φῦλα
1632 2629 1685 2669 et
1699 2617 1831 2671 κατὰ
1856 2620 2097 2690 φρήτρας,
2115 2633 2193 2673 est
2212 2639 2369 2693 gene·

1346 2696 1519 2749 ratim.
1547 2696 1785 2750 Oberlin.
1813 2699 1869 2751 in
1901 2698 2076 2752 indice
2101 2701 2246 2754 verb.

1434 2776 1484 2829 5.
1504 2776 1682 2828 Rhedis
1706 2789 1755 2828 et
1779 2783 1927 2830 camis
1952 2780 2368 2836 rebeumdedenmt.

1349 2855 1573 2921 Quintil.
1603 2875 1651 2922 1,
1681 2857 1712 2910 5
1739 2857 1821 2909 vel
1851 2876 1903 2926 9.
1927 2860 2146 2911 Plurima
2173 2860 2370 2915 Gallica

1348 2928 1657 3000 (vocabula)
1689 2937 1968 3000 valuerunt,
2014 2951 2069 2989 ut
2096 2940 2280 2995 Rhe-da
2311 2962 2370 2994 ao

1349 3014 1673 3079 Petoritum;
1696 3035 1890 3087 quorum
1913 3018 2064 3068 altem
2099 3019 2266 3072 Cicero
2292 3033 2367 3073 ta·

1350 3113 1454 3144 men
1470 3133 1485 3156 ,
1528 3095 1680 3146 altero
1718 3095 1954 3147 Horatius
1999 3101 2163 3150 utitur.
2211 3100 2370 3152 Carra

1350 3186 1558 3239 autem,
1585 3173 1823 3227 neutrius
1854 3176 2056 3246 generis
2073 3214 2089 3241 ,
2122 3178 2368 3248 gallicum

1349 3271 1561 3324 quoque
1583 3253 1916 3307 vocabulum.

1431 3337 1483 3386 6.
1504 3333 1702 3386 Milites.
1721 3336 1769 3385 A
1783 3335 1961 3387 multis
1971 3334 2121 3388 libris
2139 3337 2301 3404 abest,
2315 3350 2369 3391 et

1348 3411 1519 3484 reipsa
1546 3425 1751 3467 servato
1782 3433 1935 3468 sensu
1972 3428 2146 3486 potest
2174 3418 2366 3471 abesse.

1432 3511 1484 3562 7.
1524 3494 1765 3548 Manibus.
1804 3493 1975 3548 codd.
2006 3496 2244 3567 plerique
2272 3497 2369 3549 ha-

1348 3571 1477 3625 bent
1500 3572 1603 3639 ita;
1629 3585 1682 3626 et
1703 3592 1852 3645 graec.
1886 3575 2105 3646 interpr.
2134 3575 2235 3636 Τὰς
2261 3577 2366 3645 χιῖ-

1349 3670 1435 3718 ρας
1468 3655 1585 3724 πρὸς
1622 3654 1732 3714 τοὺς
1765 3656 2042 3726 ςρατιῶτας
2071 3655 2367 3726 ὀριγόμιναι.

1348 3731 1507 3784 Bene.
1526 3733 1717 3786 Manus
1730 3733 2014 3786 tendebant
2026 3734 2081 3785 in
2097 3735 2370 3805 rogatione

1348 3812 1517 3863 venio
1552 3824 1607 3864 et
1647 3813 1804 3885 pacis.
1840 3813 2052 3885 Vulgat.
2080 3852 2096 3880 ,
2143 3814 2366 3869 crim‘bus.

1350 3890 1472 3944 Non
1509 3892 1644 3944 male
1683 3911 1927 3963 quoque;
1954 3911 2078 3945 nam
2122 3892 2370 3965 frequen-

1349 3970 1545 4023 tissime
1593 3973 1668 4023 ita
1716 3970 2085 4024 describuntur
2126 3972 2370 4028 mulieres

1350 4050 1407 4102 in
1441 4050 1603 4104 luctu.
1633 4051 1933 4123 Utrumque
1971 4053 2213 4124 jungitur
2240 4052 2367 4109 infr.

1347 4129 1385 4184 l.
1433 4148 1547 4195 vn,
1594 4132 1699 4196 483
1739 4142 1792 4184 et
1834 4132 2008 4186 forsan
2054 4132 2109 4185 h.
2143 4132 2179 4187 l.
2217 4131 2368 4206 jungi

1351 4208 1562 4264 debent.
1592 4211 1670 4264 Ex
1695 4212 1887 4265 nostris
1910 4210 2065 4266 codd.
2081 4218 2243 4284 passis
2266 4233 2368 4265 ma-

1354 4292 1488 4344 nibus
1518 4292 1739 4346 restitui.
