3111 5147
587 518 728 586 DE
779 517 1126 586 BELLo
1181 517 1670 589 GALLlco.
1730 520 1919 591 LIB.
1978 525 2061 593 v.
2291 553 2433 627 179

287 651 465 720 rium
493 646 904 745 neglexisset.
924 647 1047 719 Ille
1074 649 1274 718 enim⁷
1299 665 1649 720 revocatus
1677 654 1975 724 resistere
1991 710 2010 745 ,
2028 680 2106 727 ac
2131 682 2200 727 se
2228 685 2434 733 manu

286 756 679 844 defendere,
707 747 1109 851 suorumque
1138 756 1337 825 fldem
1369 754 1724 851 implorare
1742 747 1988 855 coepit⁸‚
2017 788 2188 859 saepe
2206 767 2430 838 clami-

287 877 475 951 tans,
509 860 791 932 liberum
810 888 913 951 se,
946 862 1295 958 liberaeque
1324 865 1605 933 civitatis
1641 864 1834 934 esse⁹.
1872 866 2003 956 Illi,
2038 885 2114 939 ut
2138 888 2283 942 erat
2310 877 2430 945 im-

287 983 600 1066 peratum
617 1023 637 1058 ,
689 971 1184 1040 circumsistunt
1225 970 1599 1058 hominem,
1642 985 1840 1066 atque
1876 975 2318 1049 interficiunt:
2364 997 2434 1052 at

289 1076 488 1146 AEdui
532 1077 783 1172 equites
824 1076 908 1145 ad
952 1079 1281 1148 Caesarem
1326 1099 1558 1146 omnes
1598 1091 2039 1151 revertuntur.

397 1185 590 1253 VIII.
645 1186 764 1253 His
827 1183 1025 1253 rebus
1081 1184 1312 1278 gestiS,
1370 1184 1666 1253 Labieno
1718 1186 1787 1254 in
1842 1191 2221 1260 continente
2274 1209 2432 1264 curn

239 1314 245 1318 ⁴
289 1290 502 1360 tribus
545 1288 910 1385 legionibus
953 1304 1022 1358 et
1062 1293 1359 1385 equitum
1405 1289 1691 1360 millibus
1733 1291 1993 1365 duobus
2046 1295 2275 1368 relicto
2295 1352 2314 1387 ‚
2358 1313 2435 1371 ut

290 1409 524 1491 portus
541 1409 864 1484 tueretur,
890 1410 958 1465 et
984 1421 1123 1466 rem
1155 1396 1654 1465 frumentariam
1672 1395 1690 1420 ¹
1722 1400 2130 1492 provideret,
2157 1427 2433 1502 quaeque

289 1503 360 1570 in
396 1502 614 1573 Gallia
650 1518 1036 1597 gererentur
1080 1516 1549 1598 cognosceret,
1585 1503 2062 1601 consiliumque
2095 1535 2222 1604 pro
2264 1526 2430 1582 tem-

291 1631 454 1730 pore
497 1624 566 1679 et
607 1623 731 1704 pro
769 1633 847 1740 ²ne
891 1624 1192 1705 caperet,
1234 1611 1374 1704 ipse
1419 1627 1574 1678 cum
1616 1612 1904 1705 quinque
1947 1612 2313 1708 legionibus
2363 1635 2431 1689 et

293 1718 435 1810 pari
470 1714 789 1785 numero²
828 1718 1162 1811 equitum,
1205 1739 1403 1810 quem
1446 1718 1516 1784 in
1574 1718 1936 1787 continenti
1980 1709 2429 1817 mlinquebat,

297 1822 445 1892 solis
481 1807 747 1892 occasu³
771 1843 973 1891 naves
1005 1822 1233 1910 solvit,
1259 1834 1326 1890 et
1354 1821 1485 1890 leni
1509 1810 1764 1892 Astico⁴
1796 1841 2185 1918 provectus»,
2213 1831 2429 1900 media

300 1929 555 1998 circiter
602 1944 799 1998 nocte
842 1941 1046 1998 vento
1101 1930 1509 2017 intermissu,
1546 1943 1817 1998 ‘cursum
1872 1945 2007 2000 non
2064 1938 2307 2026 tenuit,
2363 1953 2429 2007 et

297 2031 556 2128 longius
595 2034 847 2105 delatus
890 2049 1086 2124 aestu,
1127 2049 1274 2104 orta
1315 2032 1462 2104 luce
1482 2087 1502 2121 ‚
1547 2035 1673 2104 suh
1717 2038 1979 2106 sinistra
2020 2041 2426 2113 Britanniam

300 2139 591 2210 relictam
615 2144 974 2237 conspexit.
1003 2145 1174 2210 Tum
1201 2163 1463 2230 rursus,
1490 2153 1687 2210 aestus
1714 2147 2301 2216 commutationem
2327 2174 2426 2218 se-

300 2261 522 2336 cutus,
545 2251 739 2318 remis
765 2247 1138 2336 contendit,
1162 2263 1236 2317 ut
1260 2271 1405 2316 eam
1433 2262 1691 2342 partem
1711 2247 1938 2319 insulae
1966 2268 2265 2346 caperet,
2295 2281 2427 2350 qua

295 2302 612 2448 optiminn
639 2380 780 2426 esse
810 2379 1144 2450 egressum
1175 2355 1513 2449 superiore
1550 2369 1774 2424 aestate
1810 2374 2231 2451 cognoverat.
2272 2362 2428 2450 Qua

291 2461 355 2529 in
377 2485 450 2531 re
473 2461 836 2531 admodum
860 2462 984 2531 fuit
1014 2459 1295 2530 militum
1323 2463 1533 2529 virtus
1549 2446 1924 2531 ⁵laudanda
1939 2516 1958 2550 ‚
1982 2466 2094 2559 qui
2119 2469 2425 2538 vectoriis

369 2668 424 2721 7:
456 2648 627 2702 Enim.
662 2648 768 2702 Pro
797 2652 1045 2701 enirm-ero.

370 2730 422 2783 8.
448 2728 747 2803 Scor-nanque
760 2728 913 2799 fidem
936 2729 1188 2801 implorare
1217 2747 1312 2779 σει·-

287 2812 372 2880 pit.
406 2808 476 2863 Et
505 2807 564 2862 id
584 2808 727 2881 quod
741 2847 757 2874 ,
773 2820 1015 2880 respectu
1045 2808 1312 2860 Romano-

293 2906 438 2956 rum,
471 2894 703 2963 quir-itare
732 2888 908 2941 Latini
938 2886 1221 2941 dixerunt:
1245 2884 1312 2939 Id

291 2982 366 3023 αι
397 2971 613 3041 Quirites
651 2969 994 3022 conclamare.
1033 2968 1109 3020 Ut
1149 2964 1312 3020 hodie

292 3066 499 3122 quoque
528 3048 700 3121 gentis
729 3060 818 3101 aut
845 3048 1030 3120 patriae
1057 3062 1252 3099 nomen
1281 3063 1310 3098 a

290 3128 604 3200 quibusdam
649 3128 921 3183 acclamari
952 3126 1115 3192 solet3
1147 3137 1311 3197 utque

291 3208 510 3281 Hispani
539 3210 598 3261 in
632 3207 1026 3262 concertatione
1071 3224 1130 3259 ac
1169 3206 1310 3271 rixa,

288 3290 681 3381 praeseniinqne
708 3304 830 3342 cnm
859 3286 1111 3340 auxilium
1140 3284 1308 3350 cient,

288 3368 665 3439 ingeminant:
701 3375 936 3440 spagna!
981 3372 1211 3437 spagna!
1250 3376 1312 3417 ιιι

290 3449 491 3502 notavit
511 3449 752 3520 Lipsius,
776 3448 833 3500 in
861 3447 1078 3503 analect.
1111 3440 1284 3498 admi
1207 3462 1311 3497 ιιιι-

291 3526 371 3580 lit.
395 3526 434 3580 l.
467 3546 549 3593 tv,
578 3526 703 3582 dial.
743 3548 792 3581 ι.

376 3626 430 3675 9.
465 3606 529 3659 Se
569 3609 764 3660 h'berum
792 3626 905 3659 esse.
944 3605 1129 3677 Neque
1168 3604 1312 3657 enim

289 3682 465 3739 adhuc
494 3686 671 3742 civitas
696 3684 1040 3741 AEduoruma
1063 3685 1314 3738 Romanis

288 3768 342 3820 in
371 3768 594 3821 formam
625 3768 915 3841 provincia
945 3763 1155 3819 redacta
1179 3772 1308 3818 erat.

287 3846 463 3901 Liceat
481 3849 612 3901 mihi
628 3848 784 3902 Gallo
801 3846 957 3900 flores
970 3843 1314 3915 Dumnorigis

291 3929 495 3981 tumulo
509 3946 772 4021 spargere,
786 3944 946 3999 quem
961 3926 1135 3977 virum
1150 3925 1313 3977 liber-

287 4010 404 4062 tatis
432 4027 494 4062 ac
512 4010 698 4080 patria
712 4006 1159 4069 amantissimum,
1173 4003 1315 4057 Lisci

289 4099 339 4140 et
362 4089 592 4141 aliorum
617 4088 746 4142 huic
773 4086 1025 4140 sirnilinm
1049 4082 1314 4155 proditiO,

288 4180 339 4220 et
368 4170 558 4222 misera
586 4167 654 4221 ad
682 4167 989 4221 servitutem
1009 4163 1314 4235 propensio,

292 4259 443 4319 atque
487 4249 735 4320 ignavia,
763 4248 940 4319 potius
983 4262 1142 4316 quam
1179 4241 1315 4294 male

1400 2664 1525 2700 sana
1543 2646 1897 2718 perdiderunt
1917 2651 2166 2704 consilia·
2148 2690 2166 2714 ,
2191 2654 2390 2726 quique
2404 2693 2423 2721 ‚

1397 2727 1442 2780 si
1473 2726 1557 2779 sni
1591 2745 1713 2780 eum
1742 2729 1881 2781 cives
1908 2731 2198 2801 juvissent,
2228 2735 2422 2788 Roma·

1395 2806 1494 2860 nos
1508 2824 1537 2858 a
1555 2804 1743 2861 Galliis
1762 2810 1949 2880 procul
1965 2809 2133 2863 dnbio
2154 2815 2422 2885 propulis-

1396 2898 1476 2940 set
1490 2925 1506 2952 ,
1521 2898 1576 2939 et
1588 2887 1773 2958 pan-fae
1785 2889 2084 2942 ubertatem
2100 2894 2416 2949 asseruisset.

1477 2966 1607 3019 Cu».
1636 2966 1790 3018 VIII.
1828 2985 1876 3019 1.
1904 2968 2414 3033 Remsrwnentariam.

1395 3045 1478 3097 Al.
1521 3049 1595 3095 rei
1622 3044 1975 3110 fiwnmtarioe.
2018 3046 2200 3101 Codex
2237 3064 2420 3105 noster

1401 3124 1574 3195 5763,
1606 3135 1661 3175 ut
1697 3144 1749 3175 re
1774 3127 2098 3192 flammat-ia
2122 3130 2414 3196 provident,

1394 3201 1513 3258 cod.
1561 3203 1745 3275 5764,
1778 3208 1848 3257 m·
1864 3206 2212 3272 ‚frumentur-ite.

1481 3303 1533 3338 2.
1567 3284 1645 3336 Et
1664 3288 1783 3356 pari
1809 3288 2015 3341 numer-o,
2051 3286 2172 3339 scil.
2206 3284 2417 3343 duobus

1393 3364 1636 3436 'equitum
1665 3362 1927 3430 millibus,
1959 3374 2019 3418 nt
2045 3380 2221 3438 supra.

1479 3445 1531 3497 3.
1557 3444 1788 3518 Relinque
1817 3458 1898 3507 at,
1932 3446 2049 3497 solis
2078 3466 2266 3500 occasu.
2291 3447 2419 3503 Hac

1396 3535 1478 3577 est
1507 3525 1667 3579 lectio
1798 3523 1851 3579 d.
1870 3523 2239 3591 Andium-nm,
2256 3545 2421 3598 quam

1396 3604 1550 3657 affert
1559 3604 1797 3657 Gronov.
1808 3605 1913 3657 Alii
1925 3622 2107 3659 omnes
2118 3625 2137 3660 t
2147 3607 2416 3679 reliquerat,

1397 3684 1469 3735 nd
1475 3685 1592 3737 εοᾶι
1604 3703 1833 3737 occasum.
1846 3685 2083 3755 Utraque
2090 3687 2227 3739 bene
2242 3687 2417 3741 habet.

1398 3760 1533 3817 cod.
1570 3764 1721 3834 5764
1740 3802 1755 3829 ,
1779 3772 2016 3817 nostram
2043 3765 2163 3818 lect.
2187 3766 2417 3819 exhibet.

1481 3849 1532 3907 4.
1562 3845 1683 3894 Lem·
1700 3844 1894 3910 Africo.
1911 3844 1975 3895 In
1995 3844 2208 3897 Oceano
2223 3845 2423 3898 britan·

1397 3922 1520 3975 nico
1535 3934 1724 3975 ventus
1751 3933 1829 3976 est
1856 3940 2015 3993 quem
2041 3925 2209 3976 nostri
2230 3937 2422 3980 vocant

1398 4002 1509 4056 Sud
1519 4032 1541 4044 -
1550 4013 1698 4053 ouest.

1482 4082 1533 4135 5.
1559 4082 1773 4134 Militum
1787 4086 1960 4134 virtus.
1988 4076 2246 4137 Patientia
2262 4101 2422 4157 quam

1398 4161 1757 4233 proestiterunt
1784 4162 1840 4214 in
1884 4161 2162 4217 subeundo
2212 4166 2419 4238 remigii

1397 4241 1593 4296 labore.

1913 4347 2039 4418 ια’
