<?xml version="1.0" encoding="UTF-8"?>
<!DOCTYPE html PUBLIC "-//W3C//DTD XHTML 1.0 Transitional//EN"
    "http://www.w3.org/TR/xhtml1/DTD/xhtml1-transitional.dtd">
<html xmlns="http://www.w3.org/1999/xhtml" xml:lang="en" lang="en">
 <head>
  <title>
</title>
<meta http-equiv="Content-Type" content="text/html;charset=utf-8" />
  <meta name='ocr-system' content='tesseract 3.04.00' />
  <meta name='ocr-capabilities' content='ocr_page ocr_carea ocr_par ocr_line ocrx_word'/>
</head>
<body>
  <div class='ocr_page' id='page_1' title='image "./caesaradbodices00caesgoog_0528.png"; bbox 0 0 3111 5147; ppageno 0'>
   <div class='ocr_carea' id='block_1_1' title="bbox 784 533 2147 631">
    <p class='ocr_par' dir='ltr' id='par_1_1' title="bbox 784 533 2147 631">
     <span class='ocr_line' id='line_1_1' title="bbox 784 533 2147 631; baseline -0.004 -25"><span class='ocrx_word' id='word_1_1' title='bbox 784 540 937 631; x_wconf 75' lang='lat'><strong>490</strong></span> <span class='ocrx_word' id='word_1_2' title='bbox 1546 533 1684 601; x_wconf 83' lang='lat' dir='ltr'><strong>DE</strong></span> <span class='ocrx_word' id='word_1_3' title='bbox 1739 533 2147 603; x_wconf 82' lang='lat' dir='ltr'>GALLIA</span> 
     </span>
    </p>
   </div>
   <div class='ocr_carea' id='block_1_2' title="bbox 739 656 2958 4282">
    <p class='ocr_par' dir='ltr' id='par_1_2' title="bbox 777 656 2947 1288">
     <span class='ocr_line' id='line_1_2' title="bbox 777 656 2930 752; baseline -0.001 -13"><span class='ocrx_word' id='word_1_4' title='bbox 777 672 1042 739; x_wconf 87' lang='lat' dir='ltr'><strong>Coeunt</strong></span> <span class='ocrx_word' id='word_1_5' title='bbox 1091 668 1405 739; x_wconf 85' lang='lat' dir='ltr'><strong>Lutarius</strong></span> <span class='ocrx_word' id='word_1_6' title='bbox 1460 679 1529 735; x_wconf 88' lang='lat' dir='ltr'><strong>et</strong></span> <span class='ocrx_word' id='word_1_7' title='bbox 1579 666 1951 735; x_wconf 86' lang='lat' dir='ltr'><strong>Leonorius</strong></span> <span class='ocrx_word' id='word_1_8' title='bbox 1972 718 1992 752; x_wconf 92' lang='lat'><strong>,</strong></span> <span class='ocrx_word' id='word_1_9' title='bbox 2051 662 2295 734; x_wconf 84' lang='lat' dir='ltr'><strong>auxilia</strong></span> <span class='ocrx_word' id='word_1_10' title='bbox 2349 656 2711 735; x_wconf 80' lang='lat' dir='ltr'><strong>Nicomedi</strong></span> <span class='ocrx_word' id='word_1_11' title='bbox 2764 667 2930 738; x_wconf 80' lang='lat' dir='ltr'><strong>dant</strong></span> 
     </span>
     <span class='ocr_line' id='line_1_3' title="bbox 782 771 2931 868; baseline -0.001 -23"><span class='ocrx_word' id='word_1_12' title='bbox 782 775 1098 847; x_wconf 83' lang='lat' dir='ltr'><strong>adversus</strong></span> <span class='ocrx_word' id='word_1_13' title='bbox 1120 774 1446 868; x_wconf 17' lang='lat' dir='ltr'><strong>,Zyboeam</strong></span> <span class='ocrx_word' id='word_1_14' title='bbox 1462 826 1482 860; x_wconf 91' lang='lat'><strong>,</strong></span> <span class='ocrx_word' id='word_1_15' title='bbox 1523 772 1637 867; x_wconf 85' lang='lat' dir='ltr'><strong>qui</strong></span> <span class='ocrx_word' id='word_1_16' title='bbox 1671 786 1929 867; x_wconf 87' lang='lat' dir='ltr'><strong>partem</strong></span> <span class='ocrx_word' id='word_1_17' title='bbox 1962 771 2283 865; x_wconf 64' lang='lat' dir='ltr'><strong>Bithyniae</strong></span> <span class='ocrx_word' id='word_1_18' title='bbox 2324 772 2647 842; x_wconf 81' lang='lat' dir='ltr'><strong>tenebat:</strong></span> <span class='ocrx_word' id='word_1_19' title='bbox 2692 798 2931 843; x_wconf 86' lang='lat' dir='ltr'><strong>eorum</strong></span> 
     </span>
     <span class='ocr_line' id='line_1_4' title="bbox 782 878 2947 975; baseline -0 -23"><span class='ocrx_word' id='word_1_20' title='bbox 782 883 1067 953; x_wconf 82' lang='lat' dir='ltr'><strong>maxime</strong></span> <span class='ocrx_word' id='word_1_21' title='bbox 1118 904 1321 975; x_wconf 87' lang='lat' dir='ltr'><strong>opera</strong></span> <span class='ocrx_word' id='word_1_22' title='bbox 1377 879 1680 949; x_wconf 79' lang='lat' dir='ltr'><strong>devictus</strong></span> <span class='ocrx_word' id='word_1_23' title='bbox 1721 878 1965 973; x_wconf 74' lang='lat' dir='ltr'><strong>Zyboea</strong></span> <span class='ocrx_word' id='word_1_24' title='bbox 2011 893 2145 965; x_wconf 91' lang='lat' dir='ltr'><strong>est,</strong></span> <span class='ocrx_word' id='word_1_25' title='bbox 2183 878 2625 975; x_wconf 75' lang='lat' dir='ltr'><strong>Bithyniaque</strong></span> <span class='ocrx_word' id='word_1_26' title='bbox 2667 884 2900 950; x_wconf 86' lang='lat' dir='ltr'><strong>omnis</strong></span> <span class='ocrx_word' id='word_1_27' title='bbox 2922 934 2947 967; x_wconf 85' lang='lat'><strong>,</strong></span> 
     </span>
     <span class='ocr_line' id='line_1_5' title="bbox 781 984 2942 1084; baseline -0.002 -23"><span class='ocrx_word' id='word_1_28' title='bbox 781 992 857 1061; x_wconf 84' lang='lat' dir='ltr'><strong>la</strong></span> <span class='ocrx_word' id='word_1_29' title='bbox 882 993 1124 1084; x_wconf 82' lang='lat' dir='ltr'><strong>partie</strong></span> <span class='ocrx_word' id='word_1_30' title='bbox 1163 986 1589 1057; x_wconf 65' lang='lat' dir='ltr'><strong>occidentale</strong></span> <span class='ocrx_word' id='word_1_31' title='bbox 1625 984 1713 1056; x_wconf 81' lang='lat' dir='ltr'><strong>de</strong></span> <span class='ocrx_word' id='word_1_32' title='bbox 1746 989 2000 1056; x_wconf 67' lang='lat' dir='ltr'><strong>Bur-ria</strong></span> <span class='ocrx_word' id='word_1_33' title='bbox 2017 1038 2039 1070; x_wconf 91' lang='lat'><strong>,</strong></span> <span class='ocrx_word' id='word_1_34' title='bbox 2072 987 2142 1053; x_wconf 91' lang='lat' dir='ltr'><strong>in</strong></span> <span class='ocrx_word' id='word_1_35' title='bbox 2181 984 2502 1055; x_wconf 83' lang='lat' dir='ltr'><strong>ditionem</strong></span> <span class='ocrx_word' id='word_1_36' title='bbox 2543 987 2942 1057; x_wconf 81' lang='lat' dir='ltr'><strong>Nicomedis</strong></span> 
     </span>
     <span class='ocr_line' id='line_1_6' title="bbox 787 1089 2938 1189; baseline -0.001 -24"><span class='ocrx_word' id='word_1_37' title='bbox 787 1096 1130 1165; x_wconf 79' lang='lat' dir='ltr'><strong>concessit.</strong></span> <span class='ocrx_word' id='word_1_38' title='bbox 1171 1094 1525 1163; x_wconf 82' lang='lat' dir='ltr'><strong>Pausanias</strong></span> <span class='ocrx_word' id='word_1_39' title='bbox 1547 1146 1569 1180; x_wconf 94' lang='lat'><strong>,</strong></span> <span class='ocrx_word' id='word_1_40' title='bbox 1602 1093 1728 1162; x_wconf 83' lang='lat' dir='ltr'><strong>loc.</strong></span> <span class='ocrx_word' id='word_1_41' title='bbox 1767 1098 1877 1161; x_wconf 81' lang='lat' dir='ltr'><strong>cit.</strong></span> <span class='ocrx_word' id='word_1_42' title='bbox 1917 1090 2144 1187; x_wconf 79' lang='lat' dir='ltr'><strong>Polyb.</strong></span> <span class='ocrx_word' id='word_1_43' title='bbox 2180 1089 2325 1161; x_wconf 86' lang='lat' dir='ltr'><strong>libr.</strong></span> <span class='ocrx_word' id='word_1_44' title='bbox 2373 1094 2506 1180; x_wconf 92' lang='lat' dir='ltr'><strong>IV,</strong></span> <span class='ocrx_word' id='word_1_45' title='bbox 2529 1117 2713 1189; x_wconf 83' lang='lat' dir='ltr'><strong>pag.</strong></span> <span class='ocrx_word' id='word_1_46' title='bbox 2754 1092 2938 1180; x_wconf 76' lang='lat'><strong>436.</strong></span> 
     </span>
     <span class='ocr_line' id='line_1_7' title="bbox 786 1196 1742 1288; baseline -0.007 -17"><span class='ocrx_word' id='word_1_47' title='bbox 786 1203 1053 1288; x_wconf 84' lang='lat' dir='ltr'><strong>Livius,</strong></span> <span class='ocrx_word' id='word_1_48' title='bbox 1092 1201 1504 1286; x_wconf 85' lang='lat' dir='ltr'>XXXVIII,</span> <span class='ocrx_word' id='word_1_49' title='bbox 1551 1196 1664 1269; x_wconf 87' lang='lat'><strong>16.</strong></span> <span class='ocrx_word' id='word_1_50' title='bbox 1705 1227 1742 1264; x_wconf 64' lang='grc' dir='ltr'><strong>υ</strong></span> 
     </span>
    </p>

    <p class='ocr_par' dir='ltr' id='par_1_3' title="bbox 786 1303 2958 3851">
     <span class='ocr_line' id='line_1_8' title="bbox 902 1303 2941 1400; baseline 0.002 -28"><span class='ocrx_word' id='word_1_51' title='bbox 902 1337 937 1372; x_wconf 82' lang='lat'>«</span> <span class='ocrx_word' id='word_1_52' title='bbox 973 1308 1280 1376; x_wconf 84' lang='lat' dir='ltr'><strong>Victores</strong></span> <span class='ocrx_word' id='word_1_53' title='bbox 1303 1303 1502 1392; x_wconf 84' lang='lat' dir='ltr'><strong>Galli,</strong></span> <span class='ocrx_word' id='word_1_54' title='bbox 1524 1321 1594 1374; x_wconf 88' lang='lat' dir='ltr'><strong>et</strong></span> <span class='ocrx_word' id='word_1_55' title='bbox 1613 1304 1697 1374; x_wconf 91' lang='lat' dir='ltr'><strong>de</strong></span> <span class='ocrx_word' id='word_1_56' title='bbox 1719 1304 2085 1375; x_wconf 86' lang='lat' dir='ltr'><strong>Nicomede</strong></span> <span class='ocrx_word' id='word_1_57' title='bbox 2111 1304 2359 1399; x_wconf 87' lang='lat' dir='ltr'><strong>optime</strong></span> <span class='ocrx_word' id='word_1_58' title='bbox 2375 1307 2618 1391; x_wconf 86' lang='lat' dir='ltr'><strong>meriti,</strong></span> <span class='ocrx_word' id='word_1_59' title='bbox 2644 1308 2941 1400; x_wconf 78' lang='lat' dir='ltr'><strong>profecti</strong></span> 
     </span>
     <span class='ocr_line' id='line_1_9' title="bbox 786 1410 2941 1508; baseline 0 -25"><span class='ocrx_word' id='word_1_60' title='bbox 786 1439 867 1483; x_wconf 82' lang='lat' dir='ltr'><strong>ex</strong></span> <span class='ocrx_word' id='word_1_61' title='bbox 907 1413 1217 1507; x_wconf 80' lang='lat' dir='ltr'><strong>Bithynia</strong></span> <span class='ocrx_word' id='word_1_62' title='bbox 1255 1414 1325 1481; x_wconf 90' lang='lat' dir='ltr'><strong>in</strong></span> <span class='ocrx_word' id='word_1_63' title='bbox 1363 1412 1590 1482; x_wconf 83' lang='lat' dir='ltr'><strong>Asiam</strong></span> <span class='ocrx_word' id='word_1_64' title='bbox 1635 1425 2118 1508; x_wconf 87' lang='lat' dir='ltr'><strong>processerunt.</strong></span> <span class='ocrx_word' id='word_1_65' title='bbox 2158 1413 2303 1481; x_wconf 82' lang='lat' dir='ltr'><strong>Nec</strong></span> <span class='ocrx_word' id='word_1_66' title='bbox 2344 1410 2526 1507; x_wconf 91' lang='lat' dir='ltr'><strong>plus,</strong></span> <span class='ocrx_word' id='word_1_67' title='bbox 2572 1435 2659 1482; x_wconf 79' lang='lat' dir='ltr'><strong>ex</strong></span> <span class='ocrx_word' id='word_1_68' title='bbox 2694 1414 2941 1507; x_wconf 80' lang='lat' dir='ltr'><strong>viginti</strong></span> 
     </span>
     <span class='ocr_line' id='line_1_10' title="bbox 788 1516 2943 1613; baseline 0 -23"><span class='ocrx_word' id='word_1_69' title='bbox 788 1519 1078 1591; x_wconf 87' lang='lat' dir='ltr'><strong>millibus</strong></span> <span class='ocrx_word' id='word_1_70' title='bbox 1119 1520 1497 1609; x_wconf 91' lang='lat' dir='ltr'><strong>hominum,</strong></span> <span class='ocrx_word' id='word_1_71' title='bbox 1520 1543 1723 1613; x_wconf 91' lang='lat' dir='ltr'><strong>quam</strong></span> <span class='ocrx_word' id='word_1_72' title='bbox 1763 1518 1995 1587; x_wconf 87' lang='lat' dir='ltr'><strong>decem</strong></span> <span class='ocrx_word' id='word_1_73' title='bbox 2040 1516 2244 1587; x_wconf 86' lang='lat' dir='ltr'><strong>millia</strong></span> <span class='ocrx_word' id='word_1_74' title='bbox 2284 1533 2538 1588; x_wconf 85' lang='lat' dir='ltr'><strong>armata</strong></span> <span class='ocrx_word' id='word_1_75' title='bbox 2572 1534 2801 1607; x_wconf 79' lang='lat' dir='ltr'><strong>erant3</strong></span> <span class='ocrx_word' id='word_1_76' title='bbox 2846 1535 2943 1590; x_wconf 83' lang='lat' dir='ltr'><strong>ta·</strong></span> 
     </span>
     <span class='ocr_line' id='line_1_11' title="bbox 793 1622 2938 1719; baseline -0 -22"><span class='ocrx_word' id='word_1_77' title='bbox 793 1652 949 1698; x_wconf 86' lang='lat' dir='ltr'><strong>men</strong></span> <span class='ocrx_word' id='word_1_78' title='bbox 981 1641 1238 1697; x_wconf 88' lang='lat' dir='ltr'><strong>tantum</strong></span> <span class='ocrx_word' id='word_1_79' title='bbox 1283 1622 1553 1697; x_wconf 84' lang='lat' dir='ltr'><strong>terroris</strong></span> <span class='ocrx_word' id='word_1_80' title='bbox 1592 1624 1937 1714; x_wconf 84' lang='lat' dir='ltr'><strong>omnihus,</strong></span> <span class='ocrx_word' id='word_1_81' title='bbox 1979 1648 2125 1719; x_wconf 84' lang='lat' dir='ltr'><strong>quae</strong></span> <span class='ocrx_word' id='word_1_82' title='bbox 2164 1626 2259 1694; x_wconf 90' lang='lat' dir='ltr'><strong>cis</strong></span> <span class='ocrx_word' id='word_1_83' title='bbox 2293 1627 2591 1694; x_wconf 82' lang='lat' dir='ltr'><strong>Taurum</strong></span> <span class='ocrx_word' id='word_1_84' title='bbox 2634 1640 2938 1696; x_wconf 83' lang='lat' dir='ltr'><strong>montem</strong></span> 
     </span>
     <span class='ocr_line' id='line_1_12' title="bbox 798 1730 2935 1828; baseline 0 -26"><span class='ocrx_word' id='word_1_85' title='bbox 798 1730 1137 1820; x_wconf 89' lang='lat' dir='ltr'><strong>incolunt,</strong></span> <span class='ocrx_word' id='word_1_86' title='bbox 1176 1733 1480 1828; x_wconf 86' lang='lat' dir='ltr'><strong>gentibus</strong></span> <span class='ocrx_word' id='word_1_87' title='bbox 1516 1733 1920 1826; x_wconf 86' lang='lat' dir='ltr'><strong>injecerunt,</strong></span> <span class='ocrx_word' id='word_1_88' title='bbox 1959 1746 2038 1800; x_wconf 90' lang='lat' dir='ltr'><strong>ut</strong></span> <span class='ocrx_word' id='word_1_89' title='bbox 2070 1755 2234 1825; x_wconf 90' lang='lat' dir='ltr'><strong>quas</strong></span> <span class='ocrx_word' id='word_1_90' title='bbox 2269 1730 2599 1819; x_wconf 85' lang='lat' dir='ltr'><strong>adissent,</strong></span> <span class='ocrx_word' id='word_1_91' title='bbox 2636 1757 2935 1827; x_wconf 89' lang='lat' dir='ltr'><strong>quasque</strong></span> 
     </span>
     <span class='ocr_line' id='line_1_13' title="bbox 795 1836 2933 1934; baseline -0 -25"><span class='ocrx_word' id='word_1_92' title='bbox 795 1865 933 1909; x_wconf 89' lang='lat' dir='ltr'><strong>non</strong></span> <span class='ocrx_word' id='word_1_93' title='bbox 983 1840 1268 1910; x_wconf 87' lang='lat' dir='ltr'><strong>adissent</strong></span> <span class='ocrx_word' id='word_1_94' title='bbox 1284 1894 1303 1928; x_wconf 93' lang='lat'><strong>,</strong></span> <span class='ocrx_word' id='word_1_95' title='bbox 1348 1842 1727 1933; x_wconf 83' lang='lat' dir='ltr'><strong>pariterque</strong></span> <span class='ocrx_word' id='word_1_96' title='bbox 1779 1836 2027 1911; x_wconf 79' lang='lat' dir='ltr'><strong>ultimae</strong></span> <span class='ocrx_word' id='word_1_97' title='bbox 2069 1839 2454 1932; x_wconf 83' lang='lat' dir='ltr'><strong>propinquis</strong></span> <span class='ocrx_word' id='word_1_98' title='bbox 2498 1840 2790 1933; x_wconf 88' lang='lat' dir='ltr'><strong>imperio</strong></span> <span class='ocrx_word' id='word_1_99' title='bbox 2825 1864 2933 1934; x_wconf 84' lang='lat' dir='ltr'><strong>pa·</strong></span> 
     </span>
     <span class='ocr_line' id='line_1_14' title="bbox 795 1943 2935 2034; baseline 0.001 -21"><span class='ocrx_word' id='word_1_100' title='bbox 795 1961 1033 2014; x_wconf 78' lang='lat' dir='ltr'><strong>terent.</strong></span> <span class='ocrx_word' id='word_1_101' title='bbox 1077 1948 1273 2015; x_wconf 87' lang='lat' dir='ltr'><strong>Nova</strong></span> <span class='ocrx_word' id='word_1_102' title='bbox 1314 1970 1547 2015; x_wconf 89' lang='lat' dir='ltr'><strong>eorum</strong></span> <span class='ocrx_word' id='word_1_103' title='bbox 1577 1945 1971 2034; x_wconf 87' lang='lat' dir='ltr'><strong>dominatio,</strong></span> <span class='ocrx_word' id='word_1_104' title='bbox 2006 1943 2091 2013; x_wconf 91' lang='lat' dir='ltr'><strong>de</strong></span> <span class='ocrx_word' id='word_1_105' title='bbox 2118 1969 2350 2014; x_wconf 88' lang='lat' dir='ltr'><strong>eorum</strong></span> <span class='ocrx_word' id='word_1_106' title='bbox 2373 1946 2680 2033; x_wconf 87' lang='lat' dir='ltr'><strong>nornine,</strong></span> <span class='ocrx_word' id='word_1_107' title='bbox 2710 1945 2935 2015; x_wconf 84' lang='lat' dir='ltr'><strong>Gallo-</strong></span> 
     </span>
     <span class='ocr_line' id='line_1_15' title="bbox 795 2050 2934 2147; baseline 0 -27"><span class='ocrx_word' id='word_1_108' title='bbox 795 2053 1031 2147; x_wconf 80' lang='lat' dir='ltr'><strong>graecia</strong></span> <span class='ocrx_word' id='word_1_109' title='bbox 1050 2104 1070 2133; x_wconf 84' lang='lat'><strong>,</strong></span> <span class='ocrx_word' id='word_1_110' title='bbox 1120 2050 1498 2140; x_wconf 85' lang='lat' dir='ltr'><strong>Galatiave,</strong></span> <span class='ocrx_word' id='word_1_111' title='bbox 1541 2066 1926 2146; x_wconf 89' lang='lat' dir='ltr'><strong>nuncupata</strong></span> <span class='ocrx_word' id='word_1_112' title='bbox 1968 2066 2102 2138; x_wconf 89' lang='lat' dir='ltr'><strong>est,</strong></span> <span class='ocrx_word' id='word_1_113' title='bbox 2145 2050 2671 2145; x_wconf 83' lang='lat' dir='ltr'><strong>vectigalemque</strong></span> <span class='ocrx_word' id='word_1_114' title='bbox 2718 2054 2934 2131; x_wconf 81' lang='lat' dir='ltr'><strong>Asiam</strong></span> 
     </span>
     <span class='ocr_line' id='line_1_16' title="bbox 795 2155 2938 2253; baseline 0 -27"><span class='ocrx_word' id='word_1_115' title='bbox 795 2161 886 2228; x_wconf 88' lang='lat' dir='ltr'><strong>ita</strong></span> <span class='ocrx_word' id='word_1_116' title='bbox 925 2161 1099 2240; x_wconf 81' lang='lat' dir='ltr'><strong>inter</strong></span> <span class='ocrx_word' id='word_1_117' title='bbox 1127 2184 1197 2229; x_wconf 87' lang='lat' dir='ltr'><strong>se</strong></span> <span class='ocrx_word' id='word_1_118' title='bbox 1233 2159 1547 2246; x_wconf 81' lang='lat' dir='ltr'><strong>divisere,</strong></span> <span class='ocrx_word' id='word_1_119' title='bbox 1583 2173 1661 2228; x_wconf 90' lang='lat' dir='ltr'><strong>ut</strong></span> <span class='ocrx_word' id='word_1_120' title='bbox 1695 2160 1996 2229; x_wconf 86' lang='lat' dir='ltr'><strong>Trocmis</strong></span> <span class='ocrx_word' id='word_1_121' title='bbox 2031 2155 2443 2253; x_wconf 87' lang='lat' dir='ltr'><strong>Hellesponti</strong></span> <span class='ocrx_word' id='word_1_122' title='bbox 2476 2182 2599 2226; x_wconf 88' lang='lat' dir='ltr'><strong>ora</strong></span> <span class='ocrx_word' id='word_1_123' title='bbox 2636 2157 2800 2227; x_wconf 86' lang='lat' dir='ltr'><strong>data</strong></span> <span class='ocrx_word' id='word_1_124' title='bbox 2830 2160 2938 2246; x_wconf 80' lang='lat' dir='ltr'><strong>sit3</strong></span> 
     </span>
     <span class='ocr_line' id='line_1_17' title="bbox 793 2263 2939 2360; baseline 0 -26"><span class='ocrx_word' id='word_1_125' title='bbox 793 2264 1181 2337; x_wconf 88' lang='lat' dir='ltr'><strong>Tolistoboii</strong></span> <span class='ocrx_word' id='word_1_126' title='bbox 1210 2263 1467 2335; x_wconf 85' lang='lat' dir='ltr'><strong>AEolida</strong></span> <span class='ocrx_word' id='word_1_127' title='bbox 1491 2281 1692 2360; x_wconf 88' lang='lat' dir='ltr'><strong>atque</strong></span> <span class='ocrx_word' id='word_1_128' title='bbox 1713 2267 2006 2353; x_wconf 88' lang='lat' dir='ltr'><strong>Ioniam,</strong></span> <span class='ocrx_word' id='word_1_129' title='bbox 2031 2267 2427 2360; x_wconf 84' lang='lat' dir='ltr'><strong>Tectosages</strong></span> <span class='ocrx_word' id='word_1_130' title='bbox 2453 2264 2939 2335; x_wconf 72' lang='lat' dir='ltr'><strong>meditem-anea</strong></span> 
     </span>
     <span class='ocr_line' id='line_1_18' title="bbox 794 2371 2939 2466; baseline -0.001 -24"><span class='ocrx_word' id='word_1_131' title='bbox 794 2373 963 2443; x_wconf 83' lang='lat' dir='ltr'><strong>Asiae</strong></span> <span class='ocrx_word' id='word_1_132' title='bbox 1013 2373 1226 2443; x_wconf 88' lang='lat' dir='ltr'><strong>sortiti</strong></span> <span class='ocrx_word' id='word_1_133' title='bbox 1268 2376 1438 2460; x_wconf 88' lang='lat' dir='ltr'><strong>sint,</strong></span> <span class='ocrx_word' id='word_1_134' title='bbox 1489 2388 1558 2441; x_wconf 89' lang='lat' dir='ltr'><strong>et</strong></span> <span class='ocrx_word' id='word_1_135' title='bbox 1608 2371 2007 2466; x_wconf 86' lang='lat' dir='ltr'><strong>stipendium</strong></span> <span class='ocrx_word' id='word_1_136' title='bbox 2056 2385 2197 2440; x_wconf 89' lang='lat' dir='ltr'><strong>tota</strong></span> <span class='ocrx_word' id='word_1_137' title='bbox 2247 2373 2343 2442; x_wconf 89' lang='lat' dir='ltr'><strong>cis</strong></span> <span class='ocrx_word' id='word_1_138' title='bbox 2390 2374 2696 2441; x_wconf 89' lang='lat' dir='ltr'><strong>Taurum</strong></span> <span class='ocrx_word' id='word_1_139' title='bbox 2750 2373 2899 2440; x_wconf 82' lang='lat' dir='ltr'><strong>Asia</strong></span> <span class='ocrx_word' id='word_1_140' title='bbox 2917 2424 2939 2457; x_wconf 94' lang='lat'><strong>,</strong></span> 
     </span>
     <span class='ocr_line' id='line_1_19' title="bbox 796 2476 2939 2573; baseline -0 -26"><span class='ocrx_word' id='word_1_141' title='bbox 796 2481 871 2547; x_wconf 83' lang='lat' dir='ltr'><strong>la</strong></span> <span class='ocrx_word' id='word_1_142' title='bbox 927 2481 1214 2555; x_wconf 75' lang='lat' dir='ltr'><strong>Natolc&#39;e</strong></span> <span class='ocrx_word' id='word_1_143' title='bbox 1233 2532 1254 2563; x_wconf 91' lang='lat'><strong>,</strong></span> <span class='ocrx_word' id='word_1_144' title='bbox 1319 2480 1672 2573; x_wconf 83' lang='lat' dir='ltr'><strong>exigerent.</strong></span> <span class='ocrx_word' id='word_1_145' title='bbox 1739 2478 1975 2548; x_wconf 87' lang='lat' dir='ltr'><strong>Sedem</strong></span> <span class='ocrx_word' id='word_1_146' title='bbox 2032 2492 2255 2547; x_wconf 86' lang='lat' dir='ltr'><strong>autem</strong></span> <span class='ocrx_word' id='word_1_147' title='bbox 2306 2479 2431 2572; x_wconf 85' lang='lat' dir='ltr'><strong>ipsi</strong></span> <span class='ocrx_word' id='word_1_148' title='bbox 2489 2479 2673 2548; x_wconf 90' lang='lat' dir='ltr'><strong>circa</strong></span> <span class='ocrx_word' id='word_1_149' title='bbox 2726 2476 2939 2571; x_wconf 81' lang='lat' dir='ltr'><strong>Halyn</strong></span> 
     </span>
     <span class='ocr_line' id='line_1_20' title="bbox 799 2585 2937 2679; baseline 0 -26"><span class='ocrx_word' id='word_1_150' title='bbox 799 2585 1076 2667; x_wconf 87' lang='lat' dir='ltr'><strong>flumen,</strong></span> <span class='ocrx_word' id='word_1_151' title='bbox 1109 2588 1295 2655; x_wconf 77' lang='lat' dir='ltr'><strong>Kisil</strong></span> <span class='ocrx_word' id='word_1_152' title='bbox 1319 2588 1630 2670; x_wconf 71' lang='lat' dir='ltr'><strong>Ermalt,</strong></span> <span class='ocrx_word' id='word_1_153' title='bbox 1664 2598 2021 2679; x_wconf 82' lang='lat' dir='ltr'><strong>ceperunt3</strong></span> <span class='ocrx_word' id='word_1_154' title='bbox 2058 2599 2412 2679; x_wconf 87' lang='lat' dir='ltr'><strong>tantusque</strong></span> <span class='ocrx_word' id='word_1_155' title='bbox 2451 2599 2674 2655; x_wconf 89' lang='lat' dir='ltr'><strong>terror</strong></span> <span class='ocrx_word' id='word_1_156' title='bbox 2710 2609 2937 2655; x_wconf 86' lang='lat' dir='ltr'><strong>eorum</strong></span> 
     </span>
     <span class='ocr_line' id='line_1_21' title="bbox 800 2690 2943 2786; baseline 0 -27"><span class='ocrx_word' id='word_1_157' title='bbox 800 2691 1085 2762; x_wconf 89' lang='lat' dir='ltr'><strong>nominis</strong></span> <span class='ocrx_word' id='word_1_158' title='bbox 1127 2706 1301 2778; x_wconf 88' lang='lat' dir='ltr'><strong>erat,</strong></span> <span class='ocrx_word' id='word_1_159' title='bbox 1345 2690 1765 2761; x_wconf 88' lang='lat' dir='ltr'><strong>multitudine</strong></span> <span class='ocrx_word' id='word_1_160' title='bbox 1807 2694 2002 2761; x_wconf 89' lang='lat' dir='ltr'><strong>etiam</strong></span> <span class='ocrx_word' id='word_1_161' title='bbox 2040 2716 2282 2786; x_wconf 85' lang='lat' dir='ltr'><strong>magna</strong></span> <span class='ocrx_word' id='word_1_162' title='bbox 2318 2690 2547 2762; x_wconf 88' lang='lat' dir='ltr'><strong>sobole</strong></span> <span class='ocrx_word' id='word_1_163' title='bbox 2598 2706 2827 2779; x_wconf 87' lang='lat' dir='ltr'><strong>aucta,</strong></span> <span class='ocrx_word' id='word_1_164' title='bbox 2866 2705 2943 2760; x_wconf 89' lang='lat' dir='ltr'><strong>ut</strong></span> 
     </span>
     <span class='ocr_line' id='line_1_22' title="bbox 798 2797 2943 2893; baseline 0.001 -29"><span class='ocrx_word' id='word_1_165' title='bbox 798 2797 999 2890; x_wconf 66' lang='lat' dir='ltr'><strong>Syriae</strong></span> <span class='ocrx_word' id='word_1_166' title='bbox 1042 2822 1308 2892; x_wconf 89' lang='lat' dir='ltr'><strong>quoque</strong></span> <span class='ocrx_word' id='word_1_167' title='bbox 1353 2797 1439 2867; x_wconf 85' lang='lat' dir='ltr'><strong>ad</strong></span> <span class='ocrx_word' id='word_1_168' title='bbox 1481 2814 1894 2893; x_wconf 84' lang='lat' dir='ltr'><strong>postremum</strong></span> <span class='ocrx_word' id='word_1_169' title='bbox 1941 2823 2128 2892; x_wconf 84' lang='lat' dir='ltr'><strong>reges</strong></span> <span class='ocrx_word' id='word_1_170' title='bbox 2168 2797 2570 2893; x_wconf 84' lang='lat' dir='ltr'><strong>stipendium</strong></span> <span class='ocrx_word' id='word_1_171' title='bbox 2607 2798 2773 2867; x_wconf 84' lang='lat' dir='ltr'><strong>dare</strong></span> <span class='ocrx_word' id='word_1_172' title='bbox 2808 2823 2943 2866; x_wconf 84' lang='lat' dir='ltr'><strong>non</strong></span> 
     </span>
     <span class='ocr_line' id='line_1_23' title="bbox 801 2902 2945 3000; baseline 0.001 -28"><span class='ocrx_word' id='word_1_173' title='bbox 801 2903 1186 2974; x_wconf 88' lang='lat' dir='ltr'><strong>abnuerent.</strong></span> <span class='ocrx_word' id='word_1_174' title='bbox 1249 2907 1466 2975; x_wconf 76' lang='lat' dir='ltr'><strong>immo</strong></span> <span class='ocrx_word' id='word_1_175' title='bbox 1521 2907 1612 2974; x_wconf 90' lang='lat' dir='ltr'><strong>ita</strong></span> <span class='ocrx_word' id='word_1_176' title='bbox 1651 2930 1855 3000; x_wconf 89' lang='lat' dir='ltr'><strong>penes</strong></span> <span class='ocrx_word' id='word_1_177' title='bbox 1903 2903 2130 2975; x_wconf 85' lang='lat' dir='ltr'><strong>Gallos</strong></span> <span class='ocrx_word' id='word_1_178' title='bbox 2174 2905 2298 2973; x_wconf 84' lang='lat' dir='ltr'><strong>fuit</strong></span> <span class='ocrx_word' id='word_1_179' title='bbox 2339 2906 2409 2973; x_wconf 88' lang='lat' dir='ltr'><strong>in</strong></span> <span class='ocrx_word' id='word_1_180' title='bbox 2466 2905 2751 2974; x_wconf 88' lang='lat' dir='ltr'><strong>Oriente</strong></span> <span class='ocrx_word' id='word_1_181' title='bbox 2792 2902 2945 2973; x_wconf 82' lang='lat' dir='ltr'><strong>belli</strong></span> 
     </span>
     <span class='ocr_line' id='line_1_24' title="bbox 803 3011 2949 3105; baseline 0 -26"><span class='ocrx_word' id='word_1_182' title='bbox 803 3012 1118 3105; x_wconf 89' lang='lat' dir='ltr'><strong>pacisque</strong></span> <span class='ocrx_word' id='word_1_183' title='bbox 1146 3012 1525 3098; x_wconf 86' lang='lat' dir='ltr'><strong>arbitrium,</strong></span> <span class='ocrx_word' id='word_1_184' title='bbox 1563 3027 1673 3098; x_wconf 91' lang='lat' dir='ltr'><strong>ut,</strong></span> <span class='ocrx_word' id='word_1_185' title='bbox 1699 3036 1905 3105; x_wconf 90' lang='lat' dir='ltr'><strong>quum</strong></span> <span class='ocrx_word' id='word_1_186' title='bbox 1949 3036 2180 3084; x_wconf 86' lang='lat' dir='ltr'><strong>eorum</strong></span> <span class='ocrx_word' id='word_1_187' title='bbox 2216 3011 2534 3104; x_wconf 83' lang='lat' dir='ltr'><strong>juventus</strong></span> <span class='ocrx_word' id='word_1_188' title='bbox 2563 3035 2771 3105; x_wconf 83' lang='lat' dir='ltr'><strong>quam</strong></span> <span class='ocrx_word' id='word_1_189' title='bbox 2806 3034 2949 3080; x_wconf 81' lang='lat' dir='ltr'><strong>ma·</strong></span> 
     </span>
     <span class='ocr_line' id='line_1_25' title="bbox 803 3115 2953 3211; baseline 0 -25"><span class='ocrx_word' id='word_1_190' title='bbox 803 3119 996 3186; x_wconf 77' lang='lat' dir='ltr'><strong>ximae</strong></span> <span class='ocrx_word' id='word_1_191' title='bbox 1037 3117 1458 3188; x_wconf 85' lang='lat' dir='ltr'><strong>fecunditatis</strong></span> <span class='ocrx_word' id='word_1_192' title='bbox 1499 3119 1724 3188; x_wconf 75' lang='lat' dir='ltr'><strong>Asiam</strong></span> <span class='ocrx_word' id='word_1_193' title='bbox 1765 3141 2070 3204; x_wconf 89' lang='lat' dir='ltr'><strong>omnem,</strong></span> <span class='ocrx_word' id='word_1_194' title='bbox 2115 3115 2301 3186; x_wconf 81' lang='lat' dir='ltr'><strong>velut</strong></span> <span class='ocrx_word' id='word_1_195' title='bbox 2336 3119 2639 3190; x_wconf 83' lang='lat' dir='ltr'><strong>examine</strong></span> <span class='ocrx_word' id='word_1_196' title='bbox 2682 3115 2953 3211; x_wconf 86' lang='lat' dir='ltr'><strong>aliquo,</strong></span> 
     </span>
     <span class='ocr_line' id='line_1_26' title="bbox 807 3222 2954 3318; baseline 0 -26"><span class='ocrx_word' id='word_1_197' title='bbox 807 3222 1173 3318; x_wconf 85' lang='lat' dir='ltr'><strong>implesset,</strong></span> <span class='ocrx_word' id='word_1_198' title='bbox 1200 3241 1415 3318; x_wconf 89' lang='lat' dir='ltr'><strong>neque</strong></span> <span class='ocrx_word' id='word_1_199' title='bbox 1443 3248 1633 3318; x_wconf 87' lang='lat' dir='ltr'><strong>reges</strong></span> <span class='ocrx_word' id='word_1_200' title='bbox 1659 3225 1979 3311; x_wconf 78' lang='lat' dir='ltr'><strong>OrientiS,</strong></span> <span class='ocrx_word' id='word_1_201' title='bbox 2011 3238 2177 3294; x_wconf 87' lang='lat' dir='ltr'><strong>teste</strong></span> <span class='ocrx_word' id='word_1_202' title='bbox 2204 3226 2243 3293; x_wconf 87' lang='lat' dir='ltr'><strong>J</strong></span> <span class='ocrx_word' id='word_1_203' title='bbox 2246 3226 2503 3311; x_wconf 89' lang='lat' dir='ltr'><strong>ustino,</strong></span> <span class='ocrx_word' id='word_1_204' title='bbox 2526 3226 2663 3294; x_wconf 88' lang='lat' dir='ltr'><strong>sine</strong></span> <span class='ocrx_word' id='word_1_205' title='bbox 2688 3247 2954 3292; x_wconf 51' lang='lat' dir='ltr'><strong>mercev</strong></span> 
     </span>
     <span class='ocr_line' id='line_1_27' title="bbox 808 3327 2955 3426; baseline 0.001 -28"><span class='ocrx_word' id='word_1_206' title='bbox 808 3332 994 3400; x_wconf 88' lang='lat' dir='ltr'><strong>nario</strong></span> <span class='ocrx_word' id='word_1_207' title='bbox 1039 3328 1386 3400; x_wconf 87' lang='lat' dir='ltr'><strong>Gallorum</strong></span> <span class='ocrx_word' id='word_1_208' title='bbox 1418 3332 1712 3402; x_wconf 80' lang='lat' dir='ltr'><strong>exercitu</strong></span> <span class='ocrx_word' id='word_1_209' title='bbox 1748 3329 1883 3399; x_wconf 88' lang='lat' dir='ltr'><strong>ulla</strong></span> <span class='ocrx_word' id='word_1_210' title='bbox 1916 3329 2088 3400; x_wconf 85' lang='lat' dir='ltr'><strong>bella</strong></span> <span class='ocrx_word' id='word_1_211' title='bbox 2127 3331 2482 3426; x_wconf 58' lang='lat' dir='ltr'><strong>gessen-inu</strong></span> <span class='ocrx_word' id='word_1_212' title='bbox 2520 3351 2726 3422; x_wconf 85' lang='lat' dir='ltr'><strong>neque</strong></span> <span class='ocrx_word' id='word_1_213' title='bbox 2765 3327 2955 3422; x_wconf 81' lang='lat' dir='ltr'><strong>pulsi</strong></span> 
     </span>
     <span class='ocr_line' id='line_1_28' title="bbox 808 3435 2958 3556; baseline -0.001 -50"><span class='ocrx_word' id='word_1_214' title='bbox 808 3459 1049 3528; x_wconf 86' lang='lat' dir='ltr'><strong>regno,</strong></span> <span class='ocrx_word' id='word_1_215' title='bbox 1093 3436 1178 3505; x_wconf 89' lang='lat' dir='ltr'><strong>ad</strong></span> <span class='ocrx_word' id='word_1_216' title='bbox 1217 3435 1380 3508; x_wconf 87' lang='lat' dir='ltr'><strong>alios</strong></span> <span class='ocrx_word' id='word_1_217' title='bbox 1422 3460 1624 3556; x_wconf 79' lang='lat' dir='ltr'><strong>quam</strong></span> <span class='ocrx_word' id='word_1_218' title='bbox 1667 3437 1753 3506; x_wconf 87' lang='lat' dir='ltr'><strong>ad</strong></span> <span class='ocrx_word' id='word_1_219' title='bbox 1796 3435 2026 3508; x_wconf 89' lang='lat' dir='ltr'><strong>Gallos</strong></span> <span class='ocrx_word' id='word_1_220' title='bbox 2072 3437 2510 3531; x_wconf 86' lang='lat' dir='ltr'><strong>confugerint.</strong></span> <span class='ocrx_word' id='word_1_221' title='bbox 2546 3437 2745 3529; x_wconf 85' lang='lat' dir='ltr'><strong>Isque</strong></span> <span class='ocrx_word' id='word_1_222' title='bbox 2802 3449 2958 3504; x_wconf 82' lang='lat' dir='ltr'><strong>erat</strong></span> 
     </span>
     <span class='ocr_line' id='line_1_29' title="bbox 811 3540 2956 3638; baseline -0 -28"><span class='ocrx_word' id='word_1_223' title='bbox 811 3556 1026 3610; x_wconf 88' lang='lat' dir='ltr'><strong>terror</strong></span> <span class='ocrx_word' id='word_1_224' title='bbox 1071 3542 1288 3638; x_wconf 86' lang='lat' dir='ltr'><strong>gallici</strong></span> <span class='ocrx_word' id='word_1_225' title='bbox 1338 3544 1624 3612; x_wconf 90' lang='lat' dir='ltr'><strong>nominis</strong></span> <span class='ocrx_word' id='word_1_226' title='bbox 1641 3593 1661 3632; x_wconf 92' lang='lat'><strong>,</strong></span> <span class='ocrx_word' id='word_1_227' title='bbox 1703 3557 1772 3612; x_wconf 88' lang='lat' dir='ltr'><strong>et</strong></span> <span class='ocrx_word' id='word_1_228' title='bbox 1812 3567 2153 3613; x_wconf 87' lang='lat' dir='ltr'><strong>armorum</strong></span> <span class='ocrx_word' id='word_1_229' title='bbox 2205 3544 2452 3613; x_wconf 80' lang='lat' dir='ltr'><strong>invicta</strong></span> <span class='ocrx_word' id='word_1_230' title='bbox 2502 3540 2824 3628; x_wconf 86' lang='lat' dir='ltr'><strong>felicitas,</strong></span> <span class='ocrx_word' id='word_1_231' title='bbox 2876 3555 2956 3610; x_wconf 84' lang='lat' dir='ltr'><strong>ut</strong></span> 
     </span>
     <span class='ocr_line' id='line_1_30' title="bbox 816 3646 2954 3744; baseline 0.001 -30"><span class='ocrx_word' id='word_1_232' title='bbox 816 3646 1005 3720; x_wconf 89' lang='lat' dir='ltr'><strong>aliter</strong></span> <span class='ocrx_word' id='word_1_233' title='bbox 1045 3674 1263 3743; x_wconf 83' lang='lat' dir='ltr'><strong>neque</strong></span> <span class='ocrx_word' id='word_1_234' title='bbox 1304 3651 1717 3744; x_wconf 83' lang='lat' dir='ltr'><strong>majestatem</strong></span> <span class='ocrx_word' id='word_1_235' title='bbox 1755 3673 1942 3720; x_wconf 85' lang='lat' dir='ltr'><strong>suam</strong></span> <span class='ocrx_word' id='word_1_236' title='bbox 1976 3664 2228 3738; x_wconf 86' lang='lat' dir='ltr'><strong>tutam,</strong></span> <span class='ocrx_word' id='word_1_237' title='bbox 2265 3671 2483 3744; x_wconf 87' lang='lat' dir='ltr'><strong>neque</strong></span> <span class='ocrx_word' id='word_1_238' title='bbox 2516 3649 2831 3718; x_wconf 85' lang='lat' dir='ltr'><strong>amissam</strong></span> <span class='ocrx_word' id='word_1_239' title='bbox 2858 3671 2954 3716; x_wconf 81' lang='lat' dir='ltr'><strong>re-</strong></span> 
     </span>
     <span class='ocr_line' id='line_1_31' title="bbox 815 3754 2954 3851; baseline 0 -28"><span class='ocrx_word' id='word_1_240' title='bbox 815 3779 1136 3848; x_wconf 87' lang='lat' dir='ltr'><strong>cuperare</strong></span> <span class='ocrx_word' id='word_1_241' title='bbox 1160 3780 1229 3826; x_wconf 92' lang='lat' dir='ltr'><strong>se</strong></span> <span class='ocrx_word' id='word_1_242' title='bbox 1260 3777 1451 3851; x_wconf 80' lang='lat' dir='ltr'><strong>posse</strong></span> <span class='ocrx_word' id='word_1_243' title='bbox 1472 3758 1612 3826; x_wconf 86' lang='lat' dir='ltr'><strong>sine</strong></span> <span class='ocrx_word' id='word_1_244' title='bbox 1638 3754 1874 3851; x_wconf 85' lang='lat' dir='ltr'><strong>gallica</strong></span> <span class='ocrx_word' id='word_1_245' title='bbox 1895 3759 2143 3828; x_wconf 81' lang='lat' dir='ltr'><strong>virmte</strong></span> <span class='ocrx_word' id='word_1_246' title='bbox 2164 3757 2662 3830; x_wconf 76' lang='lat' dir='ltr'><strong>arbitrarenmr.</strong></span> <span class='ocrx_word' id='word_1_247' title='bbox 2689 3755 2954 3839; x_wconf 76' lang='lat' dir='ltr'><strong>Livius,</strong></span> 
     </span>
    </p>

    <p class='ocr_par' dir='ltr' id='par_1_4' title="bbox 813 3862 1845 3949">
     <span class='ocr_line' id='line_1_32' title="bbox 813 3862 1845 3949; baseline 0 -17"><span class='ocrx_word' id='word_1_248' title='bbox 813 3862 938 3932; x_wconf 83' lang='lat' dir='ltr'><strong>loc.</strong></span> <span class='ocrx_word' id='word_1_249' title='bbox 979 3868 1088 3932; x_wconf 74' lang='lat' dir='ltr'><strong>cit.</strong></span> <span class='ocrx_word' id='word_1_250' title='bbox 1133 3863 1464 3949; x_wconf 87' lang='lat' dir='ltr'><strong>Justinus,</strong></span> <span class='ocrx_word' id='word_1_251' title='bbox 1501 3865 1739 3947; x_wconf 90' lang='lat' dir='ltr'><strong>XXV,</strong></span> <span class='ocrx_word' id='word_1_252' title='bbox 1780 3890 1845 3932; x_wconf 83' lang='lat'><strong>2.</strong></span> 
     </span>
    </p>

    <p class='ocr_par' dir='ltr' id='par_1_5' title="bbox 739 3966 2958 4282">
     <span class='ocr_line' id='line_1_33' title="bbox 739 3966 2957 4064; baseline 0 -28"><span class='ocrx_word' id='word_1_253' title='bbox 739 3971 754 3987; x_wconf 83' lang='lat'><strong>‘</strong></span> <span class='ocrx_word' id='word_1_254' title='bbox 927 3983 964 4018; x_wconf 72' lang='lat'><strong>¹¹</strong></span> <span class='ocrx_word' id='word_1_255' title='bbox 1005 3969 1195 4056; x_wconf 88' lang='lat' dir='ltr'><strong>Quot</strong></span> <span class='ocrx_word' id='word_1_256' title='bbox 1223 3971 1617 4063; x_wconf 72' lang='lat' dir='ltr'><strong>quantisque</strong></span> <span class='ocrx_word' id='word_1_257' title='bbox 1649 3985 1877 4064; x_wconf 74' lang='lat' dir='ltr'><strong>postea</strong></span> <span class='ocrx_word' id='word_1_258' title='bbox 1912 3973 1982 4039; x_wconf 89' lang='lat' dir='ltr'><strong>in</strong></span> <span class='ocrx_word' id='word_1_259' title='bbox 2016 3970 2203 4059; x_wconf 82' lang='lat' dir='ltr'><strong>Asia,</strong></span> <span class='ocrx_word' id='word_1_260' title='bbox 2231 3973 2299 4039; x_wconf 88' lang='lat' dir='ltr'><strong>in</strong></span> <span class='ocrx_word' id='word_1_261' title='bbox 2328 3972 2636 4064; x_wconf 89' lang='lat' dir='ltr'><strong>Europa,</strong></span> <span class='ocrx_word' id='word_1_262' title='bbox 2658 3966 2957 4037; x_wconf 80' lang='lat' dir='ltr'><strong>vietoriis</strong></span> 
     </span>
     <span class='ocr_line' id='line_1_34' title="bbox 818 4071 2958 4173; baseline 0 -31"><span class='ocrx_word' id='word_1_263' title='bbox 818 4088 1017 4166; x_wconf 84' lang='lat' dir='ltr'><strong>atque</strong></span> <span class='ocrx_word' id='word_1_264' title='bbox 1060 4071 1358 4146; x_wconf 82' lang='lat' dir='ltr'><strong>cladibus</strong></span> <span class='ocrx_word' id='word_1_265' title='bbox 1410 4077 1701 4150; x_wconf 72' lang='lat' dir='ltr'><strong>exercita</strong></span> <span class='ocrx_word' id='word_1_266' title='bbox 1742 4076 1944 4154; x_wconf 84' lang='lat' dir='ltr'><strong>fuerit</strong></span> <span class='ocrx_word' id='word_1_267' title='bbox 1982 4079 2192 4148; x_wconf 72' lang='lat' dir='ltr'><strong>virtus</strong></span> <span class='ocrx_word' id='word_1_268' title='bbox 2233 4074 2496 4173; x_wconf 83' lang='lat' dir='ltr'><strong>gallica,</strong></span> <span class='ocrx_word' id='word_1_269' title='bbox 2536 4099 2707 4170; x_wconf 86' lang='lat' dir='ltr'><strong>quas</strong></span> <span class='ocrx_word' id='word_1_270' title='bbox 2746 4097 2958 4145; x_wconf 72' lang='lat' dir='ltr'><strong>novas</strong></span> 
     </span>
     <span class='ocr_line' id='line_1_35' title="bbox 817 4182 2953 4282; baseline 0.002 -34"><span class='ocrx_word' id='word_1_271' title='bbox 817 4191 1025 4252; x_wconf 86' lang='lat' dir='ltr'><strong>terras</strong></span> <span class='ocrx_word' id='word_1_272' title='bbox 1061 4185 1426 4275; x_wconf 74' lang='lat' dir='ltr'><strong>quaesierit,</strong></span> <span class='ocrx_word' id='word_1_273' title='bbox 1461 4182 1799 4277; x_wconf 85' lang='lat' dir='ltr'><strong>quomodo</strong></span> <span class='ocrx_word' id='word_1_274' title='bbox 1843 4207 1997 4256; x_wconf 85' lang='lat' dir='ltr'><strong>cum</strong></span> <span class='ocrx_word' id='word_1_275' title='bbox 2042 4184 2334 4270; x_wconf 84' lang='lat' dir='ltr'><strong>Hiberis,</strong></span> <span class='ocrx_word' id='word_1_276' title='bbox 2376 4185 2450 4254; x_wconf 80' lang='lat' dir='ltr'><strong>la</strong></span> <span class='ocrx_word' id='word_1_277' title='bbox 2480 4187 2726 4282; x_wconf 64' lang='lat' dir='ltr'><strong>partae</strong></span> <span class='ocrx_word' id='word_1_278' title='bbox 2779 4203 2953 4252; x_wconf 73' lang='grc' dir='ltr'><strong>οσα-</strong></span> 
     </span>
    </p>
   </div>
  </div>
 </body>
</html>
