3111 5147
739 541 884 589 2'12

1085 511 1373 582 JULll
1427 508 1902 579 CAESARIS
1957 505 2514 575 COMMENT.

735 665 978 719 terram
1007 646 1353 713 exhaurire
1380 642 1804 737 cogebantur.
1836 642 1991 728 Qua
2017 638 2281 733 quidem
2307 663 2389 707 ex
2417 662 2491 707 re
2512 637 2861 709 hominum

737 752 1088 825 multitudo
1115 752 1424 846 cognosci
1462 750 1721 844 potuit:
1756 770 1911 814 nam
1950 747 2167 813 minus
2204 745 2385 814 horis
2427 729 2676 813 tribus⁶
2715 744 2861 814 mil-

731 862 890 932 lium
915 858 1266 955 passuum⁷
1296 859 1426 925 XV
1445 858 1511 923 in
1542 855 1888 923 circuitum
1931 853 2362 920 munitionem
2396 850 2862 945 perfecerunt:

732 968 1124 1063 reliquisque
1167 963 1395 1032 diebus
1454 976 1669 1030 turres
1717 960 1801 1027 ad
1836 957 2246 1027 altitudinem
2270 944 2293 982 ⁸
2331 957 2527 1046 valli,
2570 957 2775 1028 falces
2797 958 2863 1048 ⁹,

734 1068 1307 1164 testudinesque¹⁰‚
1344 1091 1508 1163 quas
1549 1067 1747 1136 iidem
1782 1066 2027 1160 captivi
2060 1064 2458 1152 docuerant,
2499 1088 2740 1161 parare
2784 1090 2863 1135 ae

730 1183 946 1251 facere
982 1189 1343 1271 coeperunt.

737 1365 821 1417 cio
849 1360 978 1434 quid
1005 1360 1165 1432 igitur
1194 1359 1522 1413 somniarunt
1547 1359 1756 1429 conjec-

737 1444 870 1497 turis
892 1443 998 1496 suis
1013 1443 1199 1493 Morus
1211 1478 1228 1506 ,
1247 1453 1298 1492 et
1315 1452 1434 1511 post
1450 1459 1574 1491 eum
1592 1438 1759 1490 Ober-

736 1509 908 1589 linus‚
957 1541 1021 1575 ex
1074 1519 1384 1573 auctoritate
1417 1515 1719 1571 Marklandi
1739 1555 1755 1583 ,

738 1604 828 1674 qui
847 1641 863 1668 ,
904 1603 962 1655 in
1012 1598 1243 1653 editione
1292 1618 1416 1664 sua,
1445 1599 1757 1670 Supplicum

741 1680 1013 1760 Euripidis
1055 1675 1076 1742 (
1104 1698 1157 1751 p.
1196 1685 1304 1742 244
1333 1676 1387 1746 ),
1419 1678 1587 1731 varias
1619 1690 1754 1730 trac-

739 1775 858 1815 tans
899 1773 1138 1814 veterum
1185 1760 1384 1831 aliquot
1422 1776 1711 1829 grecorum
1738 1795 1755 1822 ‚

738 1856 792 1896 et
844 1841 1156 1894 Latinorum
1208 1839 1580 1909 explicationes
1595 1874 1611 1900 ,
1652 1837 1755 1907 legi

739 1923 854 1976 vult
869 1939 882 1974 :
899 1920 1112 1972 mnibus
1133 1913 1456 1990 tragulisque(
1468 1918 1577 1969 sive
1592 1917 1755 1988 jaculi

743 2000 972 2073 quodam
1006 2016 1228 2071 genere;
1252 1996 1360 2050 vid.
1394 2016 1538 2068 supr.
1566 2014 1617 2061 1,
1650 1997 1718 2049 ²5
1737 2014 1754 2060 ;

739 2101 773 2134 v
791 2120 806 2147 ,
840 2078 940 2144 35)
971 2080 1243 2141 exhaurire,
1275 2075 1331 2130 id
1357 2088 1464 2142 est,
1494 2073 1755 2141 effodere,

738 2163 1046 2231 confertque
1071 2178 1134 2212 ex
1156 2157 1339 2210 Horat.
1365 2154 1535 2228 Epod.
1567 2176 1626 2222 r,
1653 2156 1754 2223 30,

743 2254 914 2293 terram
961 2239 1196 2310 ligonibus
1239 2238 1518 2302 exhaurioe3
1558 2249 1610 2289 et
1645 2237 1753 2287 Lu·

740 2342 855 2376 can.
872 2322 906 2374 l.
928 2339 985 2371 Π
1000 2358 1015 2385 ,
1037 2325 1146 2389 2925
1163 2356 1180 2384 ,
1204 2317 1384 2388 gladiis
1396 2317 1568 2384 fodere
1583 2316 1749 2367 solum.

740 2400 845 2454 Sed
863 2399 1266 2472 perperam-hacc
1286 2397 1462 2448 omnia
1479 2413 1630 2448 :nam
1653 2396 1756 2446 lec-

739 2482 847 2544 tio,
873 2480 970 2530 etsi
1013 2497 1126 2529 rem
1156 2475 1481 2540 mirabilem,
1518 2487 1572 2527 et
1605 2473 1753 2527 locu-

739 2561 938 2611 tionem
963 2556 1276 2627 singularem
1300 2556 1528 2626 praebet,
1557 2551 1753 2607 nihilo-

739 2639 916 2690 minus
932 2636 1068 2688 clara
1091 2647 1143 2686 et
1159 2632 1348 2686 idonea
1365 2634 1484 2687 loco
1509 2633 1752 2688 videtur:

740 2729 791 2770 et
823 2735 919 2768 cur
945 2713 1012 2767 de
1037 2714 1299 2784 ligonibus
1323 2726 1411 2765 aut
1438 2714 1654 2784 tragulis
1676 2716 1754 2766 lo-

739 2808 990 2869 queretur
1022 2792 1225 2859 adhuc,
1246 2812 1410 2864 quum
1438 2812 1595 2865 supra
1621 2792 1756 2848 dixit

735 2875 916 2946 gladiis
930 2879 1144 2945 cespitem
1156 2873 1755 2926 circmnciderePGenuina

739 2952 1144 3029 igitur-habenda
1159 2967 1238 3006 est
1251 2954 1408 3006 lectio
1418 2966 1469 3006 et
1481 2952 1750 3007 servanda.

820 3039 873 3089 6.
901 3035 1030 3089 Nam
1072 3038 1223 3085 minus
1261 3035 1388 3085 horis
1429 3034 1593 3086 vc'bus.
1620 3034 1754 3085 Om-

737 3134 860 3168 nem
885 3115 940 3168 h.
983 3114 1019 3166 l.
1055 3126 1233 3166 noster
1253 3127 1528 3185 exsuperat
1545 3112 1713 3166 -fidem
1738 3133 1751 3167 :

737 3196 934 3248 vallum
967 3194 1050 3245 vel
1081 3194 1359 3245 minimum
1404 3206 1456 3245 et
1496 3194 1630 3245 fossa
1669 3193 1752 3245 vel

737 3275 1020 3328 arctissima
1043 3291 1108 3324 xv
1125 3273 1234 3324 mil.
1251 3292 1513 3343 passuum,
1526 3290 1557 3325 a
1569 3292 1629 3325 cc
1642 3274 1758 3325 mil·

735 3354 875 3407 libus
901 3352 1177 3405 hominum
1219 3353 1548 3404 ferramentis
1596 3351 1756 3405 desti·

737 3447 1008 3497 tutorum,
1035 3449 1142 3483 non
1169 3428 1329 3482 modo
1355 3450 1461 3483 non
1486 3432 1623 3483 intra
1651 3445 1754 3485 tres

736 3513 896 3566 horas
909 3551 925 3579 ,
951 3509 1045 3563 sed
1062 3530 1129 3563 ne
1141 3529 1238 3582 per
1253 3509 1491 3562 triduum
1505 3509 1719 3582 quidem
1736 3550 1752 3575 ,

737 3593 928 3646 confici
945 3592 1252 3663 potuissent.
1268 3589 1349 3641 Ad
1367 3588 1503 3643 idem
1529 3610 1663 3662 opus
1686 3592 1757 3643 fa·

739 3671 984 3725 ciendum
1009 3672 1064 3722 in
1085 3670 1353 3722 helveticis
1372 3671 1594 3736 finibus,
1616 3668 1751 3732 (vid.

736 3772 881 3824 supr.
903 3771 952 3817 1,
971 3750 1040 3814 8)
1069 3751 1121 3801 X
1143 3749 1256 3801 dies
1285 3752 1455 3803 Caesar
1477 3770 1757 3824 consump-

737 3833 820 3885 sit.
844 3835 931 3894 At,
946 3831 1118 3901 utjam
1131 3830 1408 3883 observare
1422 3832 1575 3883 nobis
1588 3831 1753 3896 licuit,

734 3911 1064 3983 hyperbolen
1093 3922 1269 3962 amant
1295 3910 1468 3964 Greci
1501 3924 1552 3963 et
1581 3912 1754 3963 Latini

734 3994 1031 4062 scriptores.
1064 3988 1192 4043 Vid.
1233 4011 1376 4063 supr.
1390 4011 1438 4045 c.
1457 4011 1525 4044 xi.
1539 4029 1558 4057 ,
1574 4003 1683 4043 not.
1704 4009 1725 4043 1
1738 4030 1750 4043 .

817 4090 869 4140 7.
899 4072 973 4123 Μ.
983 4090 1208 4141 passuum
1234 4091 1318 4124 xv.
1345 4073 1544 4123 Mirum
1566 4072 1619 4125 in
1639 4090 1755 4123 mo-

734 4146 929 4202 dumh.
947 4151 981 4202 l.
998 4151 1210 4203 turbant
1227 4152 1506 4204 lectionem
1521 4150 1676 4204 codd.
1710 4151 1753 4203 si

732 4226 864 4281 (ides
882 4228 1193 4286 adhibeatur
1219 4229 1567 4303 Oudendorp.
1596 4249 1749 4284 :nain

1842 1356 1990 1410 MSS.
2026 1355 2068 1409 F
2069 1356 2244 1420 aemi,
2272 1354 2485 1421 Ursini,
2515 1356 2696 1427 Cujae.
2728 1357 2857 1411 Scal.

1841 1435 2038 1489 Audin.
2072 1434 2220 1489 Leid.
2247 1436 2403 1507 prim.
2426 1435 2601 1489 Oxon.
2634 1448 2688 1488 et
2709 1436 2855 1491 editt.

1842 1517 1998 1569 Basil.
2045 1517 2200 1576 Vasc.
2258 1513 2381 1569 Ald.
2426 1515 2634 1587 Gryph.
2675 1515 2854 1589 Steph.

1843 1596 2007 1662 Cell.,
2030 1609 2127 1650 etc.
2180 1596 2392 1648 Habent
2429 1615 2463 1647 x
2501 1596 2729 1660 millium
2769 1597 2851 1649 vel

1840 1675 1996 1727 decem
2042 1677 2140 1728 mll.
2184 1675 2287 1727 Alii
2319 1693 2446 1727 vero
2466 1713 2481 1740 ,
2528 1677 2612 1726 vel
2644 1694 2721 1727 xii
2752 1677 2850 1729 mu.

1840 1755 1922 1807 vel
1954 1776 2022 1809 xv
2057 1757 2156 1809 mil.
2188 1757 2454 1826 Interpres
2484 1774 2683 1825 graecus
2711 1774 2724 1807 τ
2756 1761 2850 1809 Πι-

1840 1833 2052 1905 picem,
2082 1831 2306 1906 περίοδον
2340 1830 2647 1904 ὁγδοήκοντα
2671 1831 2855 1901 eddim,

1839 1915 1954 1983 ὕψος
1977 1912 2035 1968 δὲ
2059 1909 2421 1968 πεντεκαίδεκα
2445 1910 2611 1975 πόδας
2629 1916 2859 1970 ἀπατῶν

1842 2014 1952 2047 σαν.
1997 1994 2215 2047 Orosius
2258 1995 2331 2047 ita
2359 2012 2372 2046 :
2398 1996 2504 2047 Vis
2544 1995 2694 2046 tribus
2737 1997 2858 2048 leon‘s

1839 2075 2023 2127 vallum
2046 2075 2222 2146 pedum
2253 2073 2523 2140 x,sossam
2548 2075 2726 2145 pedem·
2757 2096 2853 2142 xv,

1833 2175 1924 2225 per
1948 2156 2099 2207 millia
2119 2174 2343 2226 passuum
2370 2174 2434 2207 xv
2459 2158 2509 2206 ἱη
2535 2158 2737 2207 circuitu
2752 2176 2857 2227 pen-

1829 2236 2080 2301 secer-unq
2108 2233 2252 2287 unde
2281 2234 2414 2286 nihil
2447 2245 2651 2287 certum
2681 2236 2739 2288 in
2764 2234 2853 2289 de·

1840 2313 2073 2367 finienda
2114 2333 2399 2369 mensura:
2430 2312 2645 2367 videtur
2682 2329 2851 2369 tamen

1837 2394 1994 2447 lectio
2033 2395 2333 2467 interpretis
2375 2395 2533 2465 greci
2571 2395 2767 2448 rectior
2800 2407 2857 2450 et

1838 2475 2258 2546 verior‚quacum
2271 2475 2532 2527 consentit
2547 2473 2850 2529 nostercod.

1839 2554 1904 2607 R.
1950 2555 2100 2625 5763
2126 2572 2275 2607 :nam
2325 2559 2477 2607 minus
2508 2556 2635 2608 horis
2679 2554 2848 2618 tribus,

1839 2634 2041 2686 millium
2062 2655 2096 2706 p
2111 2654 2176 2687 xv
2208 2639 2259 2687 in
2283 2639 2529 2687 circuitum
2552 2641 2850 2688 manitionem

1832 2716 2144 2785 perficerunt.
2148 2734 2187 2785 p
2195 2727 2367 2767 autem
2378 2734 2474 2786 per
2481 2714 2852 2787 compendium

1839 2810 1938 2864 pro
1943 2814 2183 2865 passuum,
2190 2814 2299 2847 non
2306 2813 2408 2866 pro
2412 2795 2587 2866 pedum
2596 2795 2852 2868 accipide-

1839 2875 1945 2926 bet.
1964 2875 2131 2926 Porro
2146 2894 2211 2926 xv
2225 2894 2269 2925 m
2288 2893 2421 2946 pass.
2439 2875 2766 2946 respondent
2783 2878 2853 2929 lu's

1841 2949 2144 3024 ὀγδοήκοντα
2158 2950 2356 3014 cuichet<
2371 2954 2673 3026 interpretis
2685 2956 2852 3028 greci.

1839 3033 1917 3085 Ex
1946 3034 2136 3086 Orosio
2165 3034 2324 3105 igitur
2346 3048 2397 3086 et
2428 3035 2855 3107 inter-pretergre-

1842 3132 1933 3178 co,
1963 3127 2015 3166 et
2033 3127 2215 3166 nostro
2241 3112 2358 3167 cod.
2392 3115 2707 3168 habebimus
2732 3116 2849 3168 vall.

1841 3191 1963 3264 ped.
1992 3213 2022 3246 x
2040 3232 2054 3259 ,
2090 3206 2141 3246 et
2171 3194 2360 3247 fossam
2390 3193 2511 3267 ped.
2554 3214 2622 3246 xv
2650 3196 2705 3246 in
2736 3195 2855 3247 alti·

1839 3271 2109 3337 tudinem,
2135 3286 2187 3326 et
2216 3286 2385 3327 totum
2424 3276 2479 3327 in
2517 3274 2740 3326 circuitu
2783 3293 2851 3327 xv

1839 3354 1950 3405 mil.
1964 3372 2097 3425 pass.
2110 3353 2190 3404 vel
2202 3350 2498 3422 ὀγδοήκοντα
2507 3348 2665 3412 citha
2676 3354 2851 3406 tribus

1838 3431 1986 3484 boris
1997 3433 2305 3504 perfectum.
2322 3436 2399 3486 Ex
2406 3445 2580 3486 nostro
2590 3430 2717 3486 cod.
2731 3452 2850 3506 sup.

1837 3509 1981 3563 dicto
2005 3525 2203 3564 textum
2227 3513 2517 3568 emendavi.

1870 3606 1879 3613 '
1923 3595 1973 3646 8.
2008 3593 2100 3644 Ad
2128 3593 2441 3647 altitudinem.
2474 3594 2747 3663 Congu-uas
2778 3594 2851 3645 al-

1838 3670 2356 3743 titudini3oequantes
2385 3670 2735 3728 altitudinem.

1922 3773 1973 3822 9.
2001 3753 2189 3805 Falces.
2222 3753 2399 3806 Falce·
2424 3754 2683 3818 murales,
2700 3749 2851 3822 δορυ-

1839 3827 2094 3902 δρέπανα,
2124 3832 2369 3885 Straboni
2409 3832 2661 3885 videntur
2696 3832 2853 3884 fuisse

1839 3912 1983 3964 conti
1999 3910 2199 3983 praefixi
2218 3913 2356 3965 ferro
2384 3914 2440 3966 in
2463 3913 2686 3965 formam
2706 3911 2848 3963 salcis

1839 3991 2142 4058 incurvato,
2174 4005 2232 4044 ut
2263 3990 2472 4057 murus,
2510 3993 2575 4045 iis
2616 3992 2853 4064 injectis,

1838 4069 2153 4125 dirueretur.
2177 4072 2303 4125 vid.
2324 4091 2480 4144 supra
2502 4073 2538 4126 l.
2557 4090 2629 4125 ιη
2645 4110 2661 4136 ,
2696 4090 2716 4124 1
2730 4078 2857 4137 43et

1837 4152 1976 4206 infra
2001 4172 2114 4217 vn,
2140 4173 2208 4206 aa
2228 4191 2244 4217 ,
2270 4157 2341 4217 84
2360 4191 2376 4217 ,
2402 4156 2495 4207 86.

1927 4251 1950 4287 1
1963 4251 2015 4286 ο.
2034 4233 2324 4287 Testudines.
2340 4233 2464 4287 Non
2476 4232 2657 4304 quales
2669 4230 2859 4286 deseri·
