3111 5147
536 560 677 632 DE
727 563 1078 634 BELLO
1132 566 1635 637 GALLICO.
1691 567 1882 637 LIB.
1938 567 2106 637 VII.
2222 567 2373 666 309

235 693 405 789 quin
425 695 624 765 etiam
648 696 802 790 ipsis
825 698 1158 766 remittere
1169 682 1216 783 ⁵,
1240 700 1294 767 si
1322 697 1443 767 sibi
1465 700 1675 794 magis
1703 698 2025 769 honorem
2056 700 2374 793 tribuere,

236 825 445 895 quam
486 802 574 870 ab
618 826 688 870 se
729 800 1006 871 salutem
1048 804 1345 897 accipere
1385 804 1751 875 videantur.
1796 791 1992 877 Haec⁶
2024 820 2100 875 ut
2140 806 2391 875 intelli--

237 910 450 1001 gatis,
485 909 727 1003 inquit,
763 910 1012 979 sincere
1064 932 1103 977 a
1153 934 1262 978 me
1304 912 1761 1004 pronunciari,
1804 911 2023 981 audite
2063 917 2391 983 romanos'

239 1012 499 1082 milites.
522 1042 558 1078 »
619 1014 932 1085 Producit
986 1038 1211 1085 servos
1225 1052 1254 1103 ·,
1287 1042 1474 1111 quos
1535 1019 1603 1085 in
1659 1008 2078 1112 pabulatione
2145 1023 2373 1114 paucis

239 1134 402 1189 ante
435 1119 666 1190 diebus
699 1135 1079 1215 exceperat,
1106 1135 1174 1191 et
1208 1121 1380 1191 fame
1413 1121 1820 1217 vinculisque
1860 1126 2367 1195 excruciaverat.

242 1227 371 1314 Hi,
387 1225 525 1319 jam
555 1240 708 1295 ante
736 1226 953 1297 edocti
972 1281 992 1315 ,
1022 1251 1168 1321 quae
1198 1229 1585 1323 interrogati
1606 1232 2155 1323 pronunciarent,
2191 1259 2226 1295 α
2251 1233 2371 1299 mi—

240 1330 397 1401 lites
440 1324 687 1403 se·'esse
732 1333 1121 1428 legionarios
1160 1333 1390 1404 dicunt
1420 1360 1434 1401 ε
1483 1334 1656 1404 fame
1689 1349 1755 1404 et
1797 1337 2018 1430 inopia
2053 1336 2373 1408 adductos

241 1435 421 1507 clam
475 1462 557 1507 ex
612 1442 841 1509 castris
886 1440 1125 1527 exisse,
1169 1441 1222 1509 si
1267 1440 1426 1533 quid
1473 1439 1787 1509 frumenti
1838 1456 1954 1511 aut
1995 1445 2250 1535 pecoris
2304 1446 2393 1513 in·

242 1545 420 1639 agris
474 1547 763 1640 reperire
808 1560 1122 1641 possent:
1175 1545 1365 1614 simili
1417 1569 1683 1615 omnem
1708 1549 2095 1615 -exercitum
2151 1550 2374 1643 inopia
2404 1542 2419 1551 ’

244 1651 492 1745 premi,
535 1676 658 1722 nec
688 1651 828 1744 jam
869 1653 1042 1721 vires
1078 1650 1379 1721 sufficere
1402 1653 1707 1746 cuiquam
1727 1705 1745 1738 ,
1782 1677 1905 1721 nec
1941 1652 2113 1722 ferre
2152 1656 2371 1748 operis

245 1755 542 1826 laborem
560 1757 584 1796 ⁷
614 1783 847 1853 posse:
883 1760 1101 1853 itaque
1136 1758 1436 1828 statuisse
1477 1760 1941 1853 imperatorem
1959 1813 1979 1847 ,
2015 1761 2067 1827 si
2106 1758 2267 1828 nihil
2302 1762 2371 1829 in

246 1866 741 1959 oppugnatione
781 1864 1006 1960 oppidi
1047 1863 1461 1959 profecisset,
1507 1862 1726 1933 triduo
1768 1865 2124 1934 exercitum
2167 1863 2370 1936 dedu-

247 1994 418 2040 cere.
451 1973 649 2058 Haec,
680 1973 925 2065 inquit,
951 1995 992 2040 a
1023 1995 1164 2059 me,
1184 1972 1687 2065 Vercingetorix
1704 2024 1724 2058 ,
1743 1970 2061 2040 beneficia
2083 1971 2373 2061 habetis,

245 2099 452 2169 quem
477 2075 864 2170 proditionis
896 2075 1324 2165 insimulatis3
1356 2077 1542 2170 cujus
1572 2100 1775 2171 opera
1804 2079 1948 2146 sine
1972 2091 2195 2146 vestro
2225 2100 2370 2146 san·

247 2183 453 2276 guine
477 2195 730 2252 tantum
756 2185 1116 2254 exercitum
1143 2185 1460 2253 victorem
1493 2182 1665 2251 fame
1682 2194 1882 2278 paene
1905 2197 2372 2314 consumptum

245 2286 536 2376 videti-33
575 2314 770 2384 quem
786 2344 807 2378 ,
847 2291 1126 2385 turpiter
1164 2313 1233 2359 se
1271 2313 1353 2357 ex
1394 2288 1519 2358 hac
1560 2288 1721 2383 fuga
1760 2290 2183 2384 recipientem
2225 2343 2246 2377 ,
2288 2313 2372 2358 ne

246 2418 383 2489 qua
421 2395 651 2465 civitas
694 2397 827 2466 suis
867 2394 1110 2465 finibus
1148 2395 1449 2489 recipiat,
1481 2417 1522 2462 a
1564 2418 1671 2462 me
1714 2396 2052 2489 provisum
2083 2408 2258 2463 est.»

351 2502 542 2570 XXI.
600 2501 993 2572 Conclamat
1028 2502 1243 2573 omnis
1285 2497 1671 2590 multitudo,
1697 2515 1765 2570 et
1803 2526 1921 2570 suo
1962 2525 2147 2570 more
2176 2502 2373 2570 armis

248 2622 610 2704 concrepat
625 2607 676 2699 ⁸3
694 2609 877 2705 quod
903 2609 1120 2680 facere
1142 2612 1212 2678 in
1231 2634 1312 2678 eo
1338 2622 1774 2697 consuerunt,
1796 2610 1982 2702 cujus
2007 2609 2373 2678 orationem

247 2715 663 2809 approbant:
694 2741 1024 2786 summum
1045 2739 1188 2786 esse
1207 2716 1816 2814 Vercingetorigem
1843 2714 2079 2784 ducem
2095 2768 2115 2803 ,
2136 2739 2259 2784 nec
2292 2714 2376 2783 de

250 2821 391 2916 ejus
424 2820 558 2891 fide
597 2820 1072 2911 dubitandum3
1113 2846 1237 2892 nec
1277 2820 1528 2915 majore
1581 2822 1833 2890 ratione
1873 2819 2119 2892 bellum
2167 2820 2371 2890 admi-

250 2928 514 2998 nistrari
543 2953 752 3024 posse.
801 2931 1147 3017 statuunt,
1173 2943 1249 2998 ut
1274 2929 1341 2996 X
1370 2926 1570 2998 millia
1614 2926 1956 2995 hominum
1982 2924 2236 2996 delecta
2254 2924 2274 2950 ²
2295 2951 2377 2995 ex

335 3137 390 3192 5.
425 3139 562 3210 Quin
587 3143 730 3193 etiam
753 3143 867 3212 ipsis
897 3143 1142 3192 remittere.
1175 3139 1270 3193 Gr.

248 3218 543 3290 interpres,
566 3221 677 3291 ὑμῖν
724 3220 1058 3292 nummum.
1085 3220 1226 3273 Male
1258 3238 1272 3273 τ

249 3295 386 3350 dicit
417 3299 563 3352 enim
586 3299 990 3371 Vercingetorix
1003 3337 1021 3364 ‚
1051 3320 1101 3351 se
1128 3303 1274 3369 imp&

254 3381 380 3430 rim
402 3378 534 3450 quod
565 3381 617 3430 ἱιι
644 3398 752 3431 eum
791 3379 1087 3431 contuleram
1100 3418 1113 3442 ‚
1148 3379 1276 3451 ipsis

1359 3136 1519 3192 adest.
1554 3137 1817 3190 Ceterum
1833 3172 1851 3201 ,
1875 3134 2035 3188 simili
2064 3131 2173 3187 fere
2216 3130 2376 3185 modo

1359 3215 1498 3271 dixit
1530 3217 1725 3270 Seneca
1765 3215 1978 3270 Consol.
2011 3212 2077 3267 ad
2116 3212 2372 3265 Helviam.

1361 3316 1474 3370 cap.
1514 3315 1583 3368 17
1605 3297 1768 3350 :Huic
1791 3314 1957 3368 parem
1986 3298 2212 3346 virentem
2241 3292 2374 3343 exhi·

1362 3378 1476 3429 beas
1498 3388 1705 3449 oportet,
1735 3386 1786 3427 et
1810 3378 2018 3427 unionum
2045 3393 2077 3425 a
2106 3374 2236 3424 luctu
2266 3375 2380 3423 rect·

249 3457 485 3510 libenter
500 3462 756 3521 remittere,
778 3459 822 3511 si
848 3456 903 3511 id
920 3457 987 3511 ad
1005 3478 1162 3512 suum
1177 3457 1276 3510 ho·
1356 3460 1483 3529 pias.
1518 3456 1642 3509 Non
1668 3468 1779 3509 erat
1803 3456 1965 3526 igitur
1988 3472 2086 3506 cur
2126 3450 2375 3504 Hotmnn.

249 3555 446 3589 norem
461 3575 478 3603 ,
508 3538 690 3610 potius
715 3556 875 3610 quam
923 3537 991 3591 ad
1038 3540 1277 3610 ipsorum

250 3616 479 3669 salutem
539 3619 807 3689 pertinere
863 3617 1275 3689 suspicarentur.

253 3695 303 3748 Ο
327 3697 513 3749 virum
543 3697 753 3750 meliori
783 3709 922 3750 sorte
949 3695 1197 3769 dignum!

336 3779 394 3830 6.
437 3776 580 3828 Hoec.
625 3777 706 3830 Ita
743 3773 898 3829 codd.
932 3789 986 3828 et
1019 3778 1280 3846 interpres

250 3873 411 3926 grac.
441 3861 625 3909 ταῦτα.
669 3854 802 3908 Scal.
845 3867 900 3908 et
933 3852 1280 3920 recentiores,

253 3934 412 4005 quod,
436 3932 624 3986 eodem
644 3953 816 3988 sensu.

338 4033 395 4084 7.
445 4013 621 4084 Operis
661 4014 881 4066 laborem.
923 4009 1102 4065 Eundi
1115 4047 1134 4077 ,
1163 4030 1281 4064 mu·

251 4091 477 4159 niendi,
504 4090 849 4166 oppugnandi
875 4091 1185 4145 molestiam.
1203 4091 1279 4143 Μ.

343 4175 398 4227 8.
425 4171 491 4225 Se
519 4193 581 4225 ex
611 4174 701 4225 hac
720 4174 849 4242 suga
880 4174 1189 4242 recipientem.
1216 4171 1281 4222 In

255 4252 535 4308 nonnullis
553 4250 710 4308 codd.
725 4250 872 4309 deest
888 4251 996 4305 kae.
1009 4249 1078 4305 In
1088 4249 1283 4306 nostris

1359 3537 1499 3591 hanc
1510 3536 1835 3590 locutionem
1841 3545 2131 3606 suspectam
2143 3530 2376 3583 haberet.
2458 3554 2468 3568 ι

1444 3616 1574 3668 Ου’.
1608 3616 1756 3668 XXI.
1810 3631 1857 3667 1.
1908 3611 2076 3676 Amnis
2115 3620 2381 3680 concrepat.

1363 3692 1446 3746 Id.
1469 3695 1580 3746 fere
1598 3694 1769 3750 Tacit.
1788 3692 1857 3745 de
1874 3691 2055 3745 Germ.
2074 3691 2272 3743 Motae.
2289 3706 2314 3741 1
2330 3707 2352 3740 1
2366 3728 2381 3741 .

1364 3772 1423 3826 Si
1429 3773 2120 3844 dae'splicuitsententia,fi·emitu
2129 3786 2387 3839 aspernan-

1368 3863 1475 3912 tur,·
1503 3854 1579 3902 sin
1604 3851 1818 3921 placuit,
1842 3853 2059 3918 frameas
2096 3851 2379 3899 concutiunt.

1367 3932 1412 3984 A
1438 3929 1603 3983 Gallis
1633 3942 1805 3982 autem
1828 3930 1942 3981 haec
1963 3924 2290 3980 consuetudo
2316 3924 2384 3978 ad

1366 4001 1633 4063 Romanos
1658 4007 2035 4080 posterioribus
2057 4005 2383 4077 temporibus

1367 4090 1635 4162 pervenit,
1656 4100 1717 4140 ut
1738 4086 1950 4141 videtur
1978 4083 2121 4157 apud
2149 4084 2382 4137 Ammia-

1368 4185 1515 4224 num.
1548 4169 1690 4221 Gon.

1455 4268 1504 4303 ι.
1528 4248 1748 4302 Delecta.
1779 4245 1972 4300 Delecti
2003 4245 2197 4299 rectius
2226 4244 2383 4298 habet

1872 4337 2015 4424 20³
