3111 5147
685 490 832 560 280
1023 489 1100 556 C.
1154 485 1435 554 JULII
1490 483 1957 553 CAESARIS
2010 482 2559 553 COMMENT.

677 624 764 690 ex'
781 619 1056 715 'captivis
1082 632 1424 713 quaerunt3
1448 616 1819 712 profectum
1844 614 2101 710 longius
2131 617 2503 710 reperiunt,
2527 640 2834 689 omnem-

678 754 806 822 que
832 727 1190 796 exercitum
1221 724 1588 793 discessisse
1628 732 2056 818 cognoscunt.
2091 724 2308 816 Atque
2337 747 2513 792 unus
2545 749 2627 791 ex
2646 746 2821 818 cap·

680 836 865 921 uvis,
902 863 936 897 α
964 832 1144 922 Quid
1173 856 1294 900 vos
1316 830 1617 923 ,inquit,
1642 829 1816 899 hanc
1852 829 2156 897 miseram
2193 852 2271 896 ac
2303 843 2569 898 tenuem
2605 845 2823 899 secm-

677 942 840 1009 mim
824 939 1181 1036 praedam,
1199 935 1436 1031 quibus
1460 935 1650 1004 licet
1627 960 1767 1029 Jam
1785 959 1926 1005 esse
1950 922 2510 1004 fortunatissimis⁵
2526 934 2819 1007 i’Tribus

677 1047 861 1116 horis
883 1046 1296 1114 Aduatucam
1316 1043 1540 1111 venire
1559 1027 1885 1137 potestis:
1908 1042 2040 1110 huc
2058 1065 2286 1110 omnes
2302 1065 2454 1110 suas
2473 1041 2779 1112 fortunas
2788 1042 2817 1082 ⁷

680 1154 1004 1221 exercitus
1031 1154 1489 1219 Romanorum
1518 1146 1836 1219 contulit:
1869 1147 2151 1243 praesidii
2178 1161 2437 1216 tantum
2467 1164 2602 1235 est,
2626 1164 2702 1217 ut
2725 1174 2816 1217 ne

572 1338 580 1345 ι
681 1283 914 1327 murus
929 1244 1241 1351 ⁸quidem
1280 1258 1454 1350 cingi
1488 1259 1736 1350 possit,
1759 1280 1972 1349 neque
2001 1255 2344 1349 quisquam
2376 1201 2602 1348 egredi
2626 1270 2816 1324 extra

683 1364 1079 1433 munitiones
1122 1361 1376 1431 audeat.
1412 1390 1446 1425 >>
1499 1360 1744 1430 Oblata
1785 1387 1935 1455 spe,
1977 1361 2340 1446 Germani,
2379 1385 2572 1453 quam
2630 1363 2817 1430 nacti

684 1484 873 1541 erant
907 1469 1229 1565 pandam,
1246 1470 1315 1536 in
1337 1466 1599 1537 occulto
1622 1466 2034 1561 relinquunt;
2059 1467 2180 1562 ipsi
2208 1465 2611 1535 Aduatucam
2643 1491 2812 1535 con-

686 1575 1039 1663 tendunt⁹‚
1062 1576 1164 1644 usi
1197 1574 1427 1643 eodem
1455 1574 1643 1644 duce
1645 1573 1878 1667 ,cujus
1902 1574 2045 1642 haec
2071 1572 2311 1642 indicio
2343 1587 2809 1666 cognoverant.

679 1726 690 1745 .
792 1685 1111 1751 XXXVI.
1158 1683 1431 1769 Cicer0,
1460 1682 1575 1775 qui
1616 1705 1737 1775 per
1772 1705 2000 1749 omnes
2037 1680 2407 1797 superiores
2442 1676 2605 1747 dies¹
2638 1702 2807 1772 prae·

687 1789 894 1883 ceptis
912 1788 1188 1857 Caesaris
1211 1811 1469 1856 summa
1491 1784 1825 1880 diligentia
1844 1786 2120 1855 milites
2104 1812 2169 1853 m
2198 1785 2425 1854 castris
2453 1786 2809 1854 continuis—

689 1908 829 1979 set,
859 1917 936 1963 ac
980 1918 1064 1960 ne
1105 1891 1403 1963 calonem
1441 1891 1706 1987 quidem
1742 1916 2140 1986 quemquam
2168 1906 2353 1960 extra
2382 1892 2813 1961 munitionem

691 1998 914 2092 egredi
968 2023 1197 2093 passus
1256 2012 1425 2067 esset
1451 2053 1471 2087 ,
1509 2002 1787 2094 septimo
1848 2000 1953 2068 die
1982 1998 2301 2071 diffidens
2330 2051 2351 2085 ,
2392 1998 2473 2066 de
2535 2022 2812 2068 numero

690 2104 943 2172 dierum
967 2103 986 2127 ²
1033 2108 1362 2174 Caesarem
1404 2104 1604 2174 fidem
1648 2121 2063 2175 servaturum
2079 2158 2103 2225 .'
2145 2104 2322 2199 quod
2365 2102 2625 2198 longius
2663 2129 2814 2174 eum

692 2235 1115 2306 progressum
1145 2211 1488 2297 audiebat,
1517 2236 1729 2305 neque
1758 2210 1891 2280 ulla
1924 2210 2007 2280 de
2036 2212 2177 2304 ejus
2208 2210 2421 2279 reditu
2450 2210 2626 2279 fama
2654 2210 2812 2279 affe·

690 2317 999 2404 rebatur3
1027 2316 1217 2387 simul
1253 2342 1484 2386 eorum
1517 2332 1855 2411 permotus
1884 2317 2159 2386 vocibus
2173 2319 2334 2410 ,qui
2361 2315 2527 2385 illius
2563 2317 2810 2411 patien-

691 2409 892 2491 tiam³
936 2448 1122 2517 paene
1164 2423 1604 2491 obsessionem
1649 2421 2107 2517 appellabant,
2149 2424 2204 2491 si
2243 2422 2507 2516 quidem
2549 2447 2628 2491 ex
2673 2447 2808 2492 cas·

695 2530 810 2597 tris
853 2528 1077 2622 egredi
1118 2552 1253 2596 non
1297 2526 1561 2616 liceret;
1604 2528 1857 2598 nullum
1904 2528 2225 2623 ejusmodi
2266 2552 2496 2599 casum
2548 2553 2811 2648 exspec-

695 2648 884 2721 tans,
915 2658 1093 2727 quo,
1119 2657 1355 2703 novem
1389 2637 1707 2729 oppositis
1738 2624 2143 2729 legionibus⁶
2180 2636 2595 2729 maximoque
2635 2637 2812 2729 equi-

1881 2841 2009 2893 CAP.
2026 2840 2281 2892 XXXVI.
2322 2859 2369 2892 1.
2400 2841 2502 2892 Per
2524 2859 2677 2892 onmes
2694 2841 2811 2893 dies.

1800 2919 1883 2972 Al.
1896 2920 2143 2981 ‹domne-5,-
2152 2920 2217 2974 al.
2226 2919 2654 2991 praepositionem
2665 2921 2816 2972 omit-

780 2836 830 2889 5.
856 2837 1281 2891 Fortunatcksimis.
1315 2837 1487 2893 codd.
1513 2839 1712 2910 antiqq.

686 2919 1109 2984 fortunatissimvs.
1133 2916 1266 2971 Cod.
1283 2920 1348 2971 R.
1369 2919 1539 2988 5763,
1548 2921 1714 2986 fortu-

698 3000 953 3047 notissimis
960 3017 981 3060 ,·
999 2998 1280 3064 altervero‚
1290 3000 1711 3066 fortunatissimos.

698 3076 937 3128 Priorem
959 3077 1189 3148 probant
1214 3078 1575 3131 Grammatici.

720 3191 726 3206 .
773 3159 831 3209 6.
866 3155 1174 3208 Aduatucam
1197 3161 1362 3209 venire
1379 3162 1595 3229 potestis.
1628 3159 1711 3210 Al.

699 3233 1007 3287 Aduatucam
1052 3239 1210 3288 veniri
1236 3249 1410 3305 potest.
1436 3238 1596 3289 Recte
1620 3257 1713 3307 po-

702 3318 861 3379 testis,
893 3333 955 3365 ex
986 3313 1141 3367 codd.
1174 3316 1382 3367 nostris.

781 3412 833 3462 7.
861 3393 1037 3446 Omnes
1051 3395 1279 3459 sommas
1300 3413 1428 3446 suas.
1448 3393 1576 3447 Vid.
1594 3414 1711 3467 sup.

698 3489 809 3543 cap.
849 3473 948 3537 32,
980 3470 1048 3525 ad
1075 3471 1327 3526 medium.

684 3585 698 3596 ·
782 3553 833 3605 8.
873 3551 944 3603 Ut
970 3571 1028 3603 ne
1057 3571 1231 3605 murus.
1256 3552 1404 3605 MSS.
1437 3553 1713 3623 permulti,

698 3641 756 3681 ue
778 3649 951 3683 mum.
984 3631 1156 3697 Male,
1185 3645 1240 3685 et
1271 3644 1453 3685 contra
1482 3645 1713 3685 mentem

698 3710 924 3763 auctoris
952 3728 966 3761 :
994 3729 1211 3781 pravam
1239 3712 1393 3768 istam
1430 3712 1711 3766 lectionem

697 3789 891 3843 frum-a
921 3791 1059 3844 tueri
1085 3791 1307 3844 tentavit
1340 3792 1542 3845 Can-io.
1575 3790 1710 3845 cod.

689 3868 762 3921 R.
778 3868 949 3938 5763,
965 3882 1022 3922 ut
1039 3890 1282 3933 numerus‚·
1303 3872 1514 3936 vitiose,
1531 3890 1634 3942 pto
1654 3890 1713 3923 ne

697 3964 880 4014 Μυκη
906 3967 1030 4003 nam
1058 3947 1418 4008 offenderetur
1443 3967 1640 4004 sensus.

779 4044 832 4094 9.
848 4028 951 4098 Ipsi
965 4029 1278 4090 Aduatucam
1301 4029 1604 4084 contendunt.
1631 4031 1711 4085 De

695 4101 795 4157 hac
807 4123 929 4159 cum
946 4107 1222 4164 Germanis
1234 4111 1573 4165 contentione
1588 4129 1713 4182 pau·

697 4181 772 4234 eis
801 4186 905 4254 egit
930 4187 1034 4240 Dio
1057 4189 1200 4244 Cass.
1223 4191 1262 4244 1.
1284 4209 1386 4253 xz,
1420 4191 1512 4245 32.
1551 4190 1628 4242 Μ.

1798 3010 1951 3063 tunt;
1974 3017 2071 3051 nec
2091 2998 2416 3052 eonsuetudo
2437 3000 2566 3052 Caes.
2588 3000 2814 3071 postulat

1801 3091 1860 3131 ut
1890 3080 2195 3131 retineatur.
2228 3076 2352 3140 Vid,
2387 3097 2502 3150 sup.
2531 3080 2566 3131 l.
2596 3097 2649 3143 1,
2681 3098 2727 3132 c.
2762 3081 2811 3134 3.

1885 3178 1913 3211 2
1923 3198 1936 3211 .
1948 3156 2210 3228 Βρθῖάεω,
2230 3157 2291 3209 de
2303 3177 2493 3210 nmero
2508 3159 2704 3221 dimon,
2719 3171 2809 3212 etc.

1802 3236 2197 3309 Vituperandus
2215 3237 2539 3308 Cicero,qui
2570 3255 2636 3289 ne
2668 3239 2808 3290 ultra

1800 3318 2083 3387 septimum
2098 3316 2241 3369 diem
2261 3314 2580 3389 exspectandi
2598 3316 2805 3386 patiens

1800 3395 1978 3459 fuerit,
1998 3415 2169 3466 neque
2181 3395 2331 3450 ducis
2346 3396 2481 3449 dieto
2506 3395 2668 3447 suerit
2679 3396 2809 3448 ohe-

1798 3472 1965 3527 diens.
2000 3475 2185 3547 Neque
2210 3477 2362 3529 illum
2388 3475 2623 3528 hocloco
2656 3474 2810 3528 Cice-

1798 3572 1984 3606 ronem
2014 3556 2366 3625 agnoscimus,
2396 3554 2668 3626 qui,lihro
2682 3572 2812 3626 [ιι-ω-

1797 3632 2006 3687 cedenti
2019 3671 2038 3699 ‚
2057 3652 2172 3707 cap.
2207 3642 2282 3698 40
2300 3647 2354 3688 et
2381 3653 2546 3706 seqq„
2569 3633 2813 3687 adversus

1790 3716 2021 3785 ,majores
2043 3716 2220 3786 copias
2236 3713 2555 3786 Ambiorigis
2571 3726 2809 3767 constan·

1798 3804 1879 3845 ter
1909 3791 2039 3846 adeo
2069 3807 2235 3847 castra
2264 3792 2517 3846 defendit.

1882 3873 1931 3926 3.
1952 3873 2054 3942 Qui
2072 3874 2200 3926 illius
2214 3877 2517 3944 patientiam.
2538 3873 2810 3938 Dicebant,

1797 3970 1921 4005 eum
1960 3952 2033 4008 ita
2073 3953 2331 4024 patienter
2374 3954 2515 4005 intra
2561 3965 2729 4006 castra
2756 3970 2810 4004 oe

1789 4033 2066 4094 continere
2079 4069 2097 4098 ‚
2115 4044 2176 4086 ut
2201 4033 2303 4085 hoc
2326 4031 2462 4084 nihil
2485 4029 2727 4085 dissonet
2746 4031 2811 4085 ab

1796 4110 2100 4176 obsidione,
2131 4129 2247 4183 quae
2276 4123 2476 4164 teneret
2503 4111 2754 4165 occlusos.

1881 4198 1931 4255 4.
1958 4191 2138 4246 Nouem
2168 4193 2393 4263 oppositis
2416 4190 2698 4261 legionibus.
2715 4192 2812 4244 De-
