3111 5147
543 554 681 621 DE
714 553 1078 649 ‘BELLo
1131 554 1622 623 GALLlco.
1681 556 1868 624 LIB.
1924 557 2024 625 ιι.
2249 560 2348 654 93

212 698 477 753 tantam
518 686 833 755 virtutem
869 686 1353 803 praestiterunt,
1385 702 1461 755 ut
1479 739 1499 774 ,
1529 712 1735 781 quum
1768 690 1962 782 primi
1987 714 2216 758 eorum
2255 717 2351 761 ce-

212 790 564 879 cidissent,
600 793 883 887 proximi
916 792 1287 884 jacentibus
1328 793 1699 862 insisterent
1718 809 1968 888 ‚atque
2005 822 2084 864 ex
2119 821 2349 867 eorum

213 897 614 990 corporibus
656 912 1066 992 pugnarent3
1093 898 1194 967 his
1229 897 1494 991 dejectis
1536 913 1606 968 et
1646 903 2047 970 coacervatis
2087 902 2353 972 cadave-

174 1003 442 1089 ribus,
481 1004 595 1096 qui
650 1017 1103 1097 superessent,
1146 1018 1221 1072 ut
1281 1029 1361 1071 ex
1414 992 1725 1074 tumulo³
1732 1005 1914 1093 ‚tela
1963 1009 2029 1075 in
2092 1025 2352 1079 nostros

221 1100 633 1201 conjicerent
658 1123 724 1178 et
766 1108 895 1203 pila
932 1111 1295 1204 intercepta
1330 1113 1782 1181 remitterent·
1822 1128 1898 1181 ut
1924 1138 2058 1181 non
2092 1117 2355 1210 nequid·

225 1238 426 1307 quam
466 1229 669 1283 tantae
698 1216 954 1284 virtutis
996 1215 1297 1284 homines
1331 1216 1613 1309 judicari
1644 1206 1958 1287 deberet⁴
1994 1244 2186 1289 ausos
2213 1246 2352 1291 esse

226 1320 505 1388 transire
564 1319 947 1389 latissimum
1005 1320 1294 1407 flumen,
1335 1323 1689 1392 ascendere
1743 1323 2086 1394 altissimas
2140 1328 2313 1422 ripas
2333 1381 2353 1415 ‚

230 1426 444 1494 subire
500 1427 974 1521 iniquissimum
1028 1425 1296 1498 locum.
1330 1453 1476 1522 quae
1536 1415 1791 1499 facilia⁵
1829 1455 1910 1499 ex
1957 1431 2354 1503 difficillimis

233 1533 429 1600 animi
465 1531 852 1626 magnitudo
887 1531 1247 1627 redegerat.

331 1640 654 1707 XXVIII.
688 1641 835 1707 Hoc
866 1638 1090 1732 praelio
1119 1638 1325 1729 facto,
1359 1655 1425 1708 et
1447 1666 1657 1736 prope
1693 1640 1776 1709 ad
1799 1643 2312 1714 internecionem
2333 1646 2352 1671 ¹

234 1759 424 1836 gente
460 1769 537 1813 ac
576 1746 843 1813 nomine
882 1747 1280 1816 Nerviorum
1322 1747 1589 1816 redacto
1608 1801 1628 1836 ‚
1665 1749 1945 1841 majores
1981 1765 2170 1838 natu,
2188 1776 2354 1846 quos

236 1875 373 1918 una
424 1876 571 1920 cum
624 1853 844 1946 pueris
895 1850 1403 1946 mulieribusque
1458 1855 1527 1920 in
1578 1853 1912 1924 aesmaria²
1951 1881 2028 1924 ac
2084 1855 2354 1951 paludes

240 1954 549 2026 collectos
592 1957 997 2046 dixeramu3‚
1032 1959 1159 2028 hac
1202 1983 1427 2054 pugna
1466 1962 1777 2029 nunciata
1796 1987 2056 2056 ,quum
2101 1966 2357 2033 victori-

240 2060 370 2130 bus
423 2061 577 2131 nihil
625 2064 1054 2183 impeditum,
1103 2067 1290 2195 vi3ctis
1340 2064 1499 2134 nihil
1561 2081 1779 2135 tutum
1841 2067 2317 2139 arbitrarentur
2335 2124 2355 2158 ‚

243 2169 569 2257 omnium,
604 2172 714 2265 qui
746 2157 1219 2265 supererant&
1250 2196 1575 2241 consensu
1618 2171 1866 2268 legatos
1905 2174 1991 2242 ad
2027 2178 2355 2245 Caesarem

245 2275 580 2363 miserunt,
614 2302 811 2371 seque
853 2279 913 2345 ei
941 2276 1366 2366 dediderunt3
1387 2291 1453 2345 et
1480 2279 1546 2345 in
1578 2280 2158 2349 commemoranda
2199 2284 2355 2351 civi-

244 2382 388 2449 tatis
422 2330 786 2452 calainitate
822 2408 903 2452 ex
919 2386 1044 2452 DC
1062 2382 1149 2451 ad
1175 2386 1278 2451 III
1298 2371 1674 2453 senatores⁴
1678 2438 1696 2472 ,
1721 2410 1799 2452 ex
1832 2385 2176 2455 hominum
2210 2386 2354 2455 mil-

242 2484 403 2555 libus
437 2491 563 2557 Lx
594 2489 702 2556 vix
737 2489 820 2557 ad
849 2492 949 2576 D,
975 2491 1087 2584 qui
1126 2514 1310 2558 arma
1353 2489 1521 2559 ferre
1560 2504 1856 2586 possent,
1880 2517 2020 2560 sese
2057 2491 2358 2563 redactos

242 2618 374 2664 esse
426 2595 751 2665 dixerunt.
812 2597 1000 2684 Quos
1044 2599 1300 2685 Caesar,
1335 2612 1409 2666 ut
1463 2599 1530 2665 in
1585 2599 1856 2667 miseros
1911 2623 1992 2668 ac
2033 2599 2361 2694 supplices

1422 2788 1550 2843 Cir.
1581 2789 1837 2843 XXVIII.
1879 2807 1926 2844 1.
1964 2790 2058 2843 Ad
2084 2794 2362 2845 internecab-

1344 2887 1463 2921 nem.
1484 2868 1750 2922 Plutarch.
1773 2870 1831 2921 in
1853 2868 1983 2924 Caes.
2018 2889 2086 2923 ao
2100 2908 2116 2936 ‚
2133 2890 2242 2924 non
2260 2871 2363 2924 nisi

239 2788 602 2843 tridicerent:
637 2789 706 2842 Iis
738 2792 929 2841 avaient
966 2808 1129 2841 encore
1168 2808 1257 2841 une

240 2887 489 2930 ταωνι-οε,
515 2872 636 2921 mais
663 2871 829 2921 c'e'tait
850 2870 899 2920 la
925 2867 1150 2921 demicte.

318 2950 368 3003 3.
420 2950 489 3002 Ut
530 2970 590 3000 ex
641 2949 834 3002 tumnlv.
876 2949 1151 3019 Tanquam
1194 2967 1258 3001 ex

240 3030 459 3094 tumulo,
474 3033 538 3089 ὡς
556 3029 656 3081 ἀπὸ
669 3030 795 3089 τινὸς
808 3029 1033 3099 γηλόφου,
1047 3041 1106 3081 ιιι
1119 3040 1258 3081 recte

239 3126 384 3178 grec.
416 3109 643 3180 interpr.
677 3107 763 3162 sic
790 3108 951 3179 igitur
982 3109 1257 3179 interpun-

239 3187 510 3256 galdum.
552 3188 623 3240 Ut
661 3209 721 3240 ea:
763 3189 965 3249 tumulo,
1011 3188 1126 3249 tela,
1167 3200 1255 3240 etc.

242 3268 453 3321 minima
472 3281 595 3340 post
608 3286 792 3321 vocem
810 3268 1156 3339 penultimam
1173 3264 1261 3319 ad-

244 3347 402 3400 hibita
422 3346 783 3400 distinctione.

319 3434 371 3489 4.
413 3427 641 3480 ludit-ari
680 3427 879 3478 debes-et.
925 3426 1159 3479 Sensus:
1202 3437 1261 3478 ut

238 3505 461 3577 judicari
527 3505 745 3560 deberet
804 3506 1042 3558 homines
1102 3517 1261 3558 tantm

244 3588 477 3652 virtutis,
494 3605 607 3638 non
638 3586 857 3650 frustra,
884 3605 979 3639 nec
998 3586 1110 3639 sine
1136 3604 1258 3638 cau-

242 3687 293 3720 sa
307 3687 447 3719 ausos
465 3687 588 3728 esse,
611 3678 708 3718 etc.
726 3666 933 3736 Legunt
952 3664 1108 3719 codd.
1134 3684 1263 3738 pro-

241 3766 307 3816 pe
324 3765 540 3810 omnes,
564 3745 782 3797 deberem
814 3765 955 3797 ausos
968 3766 1080 3797 esse.
1101 3743 1263 3811 Quod

244 3825 535 3879 Hotmanus
555 3824 759 3878 dictum
789 3827 1008 3896 putabat
1043 3844 1140 3897 per
1175 3822 1265 3876 ad-

242 3906 594 3971 mirationem,
602 3918 663 3957 nt
672 3923 756 3976 ap.
765 3905 876 3958 Cic.
888 3924 987 3977 pro
996 3904 1151 3958 Sexto
1161 3905 1265 3955 Ro-

244 3987 380 4050 scio,
404 4005 519 4057 cap.
554 3985 645 4038 23.
679 3984 913 4037 Faernus
941 3984 1265 4054 conjectabat

243 4070 349 4116 ausi
377 4066 511 4137 quod
535 4075 701 4116 essent.
736 4063 802 4117 G.
837 4063 1094 4118 Canterus
1125 4063 1260 4116 NoV.

243 4143 386 4197 Lect.
424 4164 452 4196 ι
472 4182 489 4208 ,
522 4141 672 4195 dedit
699 4140 844 4214 quod
882 4160 1026 4194 nunc
1054 4142 1260 4212 legitur.

324 4224 379 4276 5.
428 4225 553 4292 (λιιι-
590 4224 781 4290 facilia.
823 4222 956 4287 Quae
1009 4219 1264 4274 fortitudo

244 4300 548 4356 reddiderat
575 4302 747 4356 facilia
775 4321 839 4355 ex
868 4300 1208 4356 difficillimis.

1344 2947 1657 3020 quingentos
1680 2949 1899 3001 evasisse
1923 2950 2099 3002 refert.

1430 3047 1479 3080 ι.
1506 3028 1783 3080 AEstuan'a.
1814 3027 1948 3079 Sunt
1965 3025 2208 3099 depressa
2223 3030 2364 3097 loca,

1345 3107 1401 3159 in
1431 3107 1623 3178 quibus
1651 3104 1845 3159 residet
1881 3124 2014 3176 aqua
2044 3124 2160 3176 quai
2196 3127 2362 3161 exun-

1345 3184 1489 3239 davit
1500 3186 1617 3248 ,·vel
1646 3185 1825 3257 potius
1847 3188 2119 3238 ‹estuat-ium
2144 3184 2363 3251 dicitur,

1346 3283 1511 3337 quum
1553 3283 1663 3318 sese
1700 3265 1942 3318 Oceanus
1987 3263 2263 3318 effundens
2307 3268 2363 3319 in

1347 3346 1479 3398 ostia
1508 3343 1742 3398 fluminis
1763 3384 1779 3412 ‚
1827 3347 2000 3399 lacum
2035 3344 2200 3398 efficit
2215 3383 2232 3411 ‚
2271 3347 2363 3417 qui

1346 3424 1559 3479 eosdem
1583 3444 1706 3478 cum
1732 3425 1944 3479 Oceano
1964 3426 2163 3497 patitur
2182 3438 2334 3479 oestus
2348 3464 2366 3491 ‚

1348 3504 1404 3558 id
1434 3518 1512 3559 est
1540 3505 1743 3559 fluxum
1773 3519 1826 3560 et
1854 3505 2130 3558 refluxum.

1432 3587 1483 3639 3.
1525 3585 1680 3657 Super
1713 3597 1864 3637 erant.
1906 3585 2011 3637 Alii
2052 3598 2358 3655 superat-ant,

1348 3663 1404 3716 id
1443 3677 1548 3730 est,
1593 3665 1895 3737 superstites
1939 3676 2103 3717 erant.
2143 3665 2367 3718 Locutio

1348 3744 1470 3797 satis
1493 3757 1636 3798 nota.

1432 3829 1483 3886 4.
1518 3825 1605 3875 Ex
1629 3822 1746 3874 DC.
1778 3824 1846 3874 ad
1867 3824 1953 3876 III
1970 3835 2222 3875 senatores.
2245 3822 2364 3877 Cel·

1347 3902 1508 3954 larius
1544 3921 1606 3954 ex
1650 3902 1915 3955 Plutarch.
1957 3903 2193 3973 reposuit
2236 3902 2332 3957 CD
2349 3940 2367 3967 ,

1350 3999 1678 4035 sexcenarlus
1707 3999 1850 4034 emm
1880 4000 2130 4034 numerus
2173 4001 2368 4035 numus

1351 4061 1452 4133 ipsi
1480 4058 1773 4112 videbatur.
1797 4061 2019 4122 ‚Frustra
2047 4078 2060 4111 :
2094 4078 2216 4112 nam
2259 4081 2366 4113 non

1350 4138 1512 4193 modo
1542 4138 1697 4192 codd.
1720 4139 1965 4206 Caesaris‚
1981 4137 2074 4191 sed
2094 4152 2147 4191 et
2165 4141 2369 4210 ‘graecus

1350 4217 1609 4292 interpres
1627 4232 1678 4272 et
1697 4220 1730 4271 J
1733 4219 1802 4271 ul.
1831 4219 1964 4273 Cels.
1987 4232 2038 4272 et
2055 4219 2371 4290 epitomator

1351 4300 1515 4364 Livii,
1532 4300 1568 4352 l.
1590 4317 1610 4353 1
1624 4304 1718 4364 04,
1734 4317 2016 4354 numerum
2034 4299 2129 4356 DC
2144 4312 2368 4353 servant.
