3111 5147
599 529 739 623 DE
791 527 1144 599 BELLO
1197 529 1697 598 GALLICO.
1753 532 1945 601 LIB.
2000 532 2132 603 VI.

2304 531 2453 608 253

321 662 446 732 nio
460 715 480 751 ,
521 675 639 731 aut
673 659 890 755 aliqua
931 684 1106 729 noxa
1145 660 1279 728 'sint
1313 661 1807 754 comprehensi,
1849 666 2139 758 gratiora
2174 666 2294 736 diis
2336 670 2457 736 im·

253 828 268 835 -
323 766 722 839 mortalibus
756 791 898 837 esse
913 766 1317 835 arbitrantur
1340 792 1355 833 :
1380 766 1495 835 sed
1515 819 1536 854 ‚
1557 792 1763 861 quum
1796 769 1937 862 ejus
1976 774 2232 865 generis
2268 776 2459 869 copia

325 876 595 963 deficit,
638 874 839 942 etiam
881 873 968 942 ad
1001 874 1454 942 innocentium
1491 873 1812 968 supplicia
1852 876 2274 948 descendunt.

442 984 665 1052 XVII.
721 983 945 1050 Deum
999 981 1283 1048 maxime
1322 980 1731 1049 Mercurium
1756 980 1982 1051 colunt
2001 983 2019 1008 ‘

311 1149 514 1211 'haben
543 1155 692 1208 Infra
721 1154 978 1225 supplicia,
1015 1153 1328 1226 supplicatio
1343 1192 1361 1219 ‚
1405 1156 1414 1163 '

335 1237 426 1291 vel
438 1236 614 1308 potius
621 1234 846 1287 victima
855 1248 908 1287 et
914 1235 1298 1287 immolationes
1307 1234 1363 1286 iu

335 1316 600 1369 honorem
618 1312 844 1367 deorum
860 1353 877 1379 ‚
891 1315 972 1367 vel
991 1313 1060 1367 ad
1079 1311 1362 1385 placandos

337 1393 473 1449 deos
483 1395 682 1447 oblate.
697 1393 782 1447 Sic
791 1412 874 1465 ap.
887 1393 1127 1447 saucat.
1143 1396 1364 1464 9:1‘nsup-

328 1474 699 1547 pliciisdeom
720 1471 975 1543 magmficc',
997 1473 1126 1525 donni
1138 1475 1292 1543 parci,
1314 1477 1366 1524 ῡι

337 1553 688 1624 amicosfideles
699 1564 851 1605 erant.
861 1553 996 1606 Item
1005 1553 1200 1618 ¹Varro,
1210 1550 1279 1605 de
1287 1553 1365 1605 Re

339 1634 588 1699 Rustica,
613 1634 651 1685 l.
679 1651 757 1698 11,
783 1650 829 1685 c.
860 1634 925 1698 5,
949 1630 1019 1685 de
1043 1632 1216 1694 bobus,
1247 1651 1364 1704 quos

341 1715 416 1765 ad
430 1717 652 1765 victimas
659 1714 883 1780 famam!
890 1751 906 1774 ,
929 1724 1072 1785 atque
1091 1712 1161 1763 ad
1173 1712 1366 1764 deorum

342 1806 534 1847 servant
544 1791 936 1864 supplicia.Galli
950 1805 1125 1845 autem
1143 1793 1199 1845 in
1211 1791 1370 1863 quin-

346 1886 462 1927 tum
488 1891 688 1926 annum
713 1871 975 1925 maleficos
985 1872 1367 1937 servabant‚ut

345 1954 417 2007 ab
438 1954 683 2006 omnibus
701 1949 890 2005 eodem
911 1964 1150 2024 tempore
1171 1952 1369 2023 suppli·

344 2034 492 2086 cium
542 2045 852 2086 sumeretur.
898 2030 1121 2085 Diodor.
1164 2032 1266 2085 Sic.
1297 2050 1361 2094 v,

358 2114 454 2167 32.
468 2112 570 2165 Hic
582 2114 857 2166 ohservare
874 2111 1017 2177 licet,
1035 2131 1103 2184 0¹.
1119 2110 1368 2164 omnibus

331 2192 628 2267 gentibus,
661 2190 803 2264 apud
831 2210 961 2264 quas
1003 2192 1236 2245 solemne
1266 2190 1370 2243 fuit

335 2270 723 2337 ,humanasdiis
749 2271 945 2325 hostias
956 2272 1134 2337 litare,
1160 2283 1370 2342 gentem

353 2365 591 2405 nostram
636 2352 807 2405 multo
861 2352 1123 2405 mitiorem
1176 2352 1369 2416 fuisse,

350 2433 557 2504 quippe
575 2450 693 2505 qum
709 2432 1021 2503 plerumque
1033 2443 1226 2497 sontes,
1242 2430 1372 2483 alio·

353 2512 487 2584 quin
516 2512 741 2584 publicae
762 2511 1001 2564 utilitatis
1025 2531 1179 2565 causa
1202 2524 1373 2565 morte

356 2591 662 2665 plectendos
677 2631 694 2659 ,
707 2590 774 2645 ad
786 2592 1191 2664 supplicationes
1207 2611 1374 2645 reser-

357 2686 506 2726 varet
527 2710 543 2739 ‚
569 2691 742 2744 neque
765 2672 892 2725 alios
915 2672 1210 2725 immolaret
1225 2709 1241 2738 ‚
1272 2672 1375 2725 nisi

358 2770 480 2806 cum
499 2753 661 2810 istius
686 2749 833 2804 modi
861 2752 1087 2806 victimae
1119 2751 1372 2806 deessent.

439 2834 569 2886 Car.
590 2833 771 2885 XVII.
795 2850 844 2884 1.
864 2833 1018 2884 Deum
1033 2835 1233 2885 mbae
1247 2832 1378 2884 Mer»

361 2916 540 2965 αινὶωη
578 2912 758 2965 colsmt.
802 2911 990 2965 Omnis
1029 2912 1130 2964 ista
1167 2909 1235 2965 de
1275 2910 1379 2965 diis

362 2991 642 3045 Gallorum
671 2991 958 3064 descriptio
986 2992 1185 3045 incerta
1222 3009 1379 3062 pror-

360 3090 450 3126 sus
465 3109 484 3138 ‚
515 3084 570 3125 et
594 3089 745 3144 pane
762 3071 889 3126 falsa
908 3068 1135 3125 videtur.
1154 3071 1380 3124 Romani

353 3164 420 3216 ‚et
439 3151 614 3206 Greci
630 3149 892 3224 quidquid
906 3151 1172 3222 religionis
1194 3164 1381 3204 extero

365 3243 681 3304 repererunt
692 3270 712 3298 ‚
731 3230 789 3284 id
818 3232 973 3303 plane
988 3250 1053 3284 ex
1068 3249 1162 3284 sua
1175 3232 1383 3301 religio-

367 3330 437 3364 ne
462 3312 857 3378 existimarunt3
888 3323 1075 3383 atque,
1099 3310 1143 3364 si
1169 3308 1382 3382 quando

369 3390 549 3445 Gallos
585 3410 688 3464 pro
735 3403 1041 3446 mercatore
1079 3391 1384 3463 opificiique

373 3489 611 3525 successu
641 3484 761 3524 vota
787 3472 956 3526 facere
972 3510 990 3537 ‚
1007 3472 1074 3524 ab
1098 3471 1266 3543 iisque
1290 3470 1385 3526 has

373 3569 460 3603 res
480 3551 593 3604 Deo
606 3549 964 3605 commendari
988 3550 1238 3604 viderunt
1251 3589 1268 3615 ‚
1289 3550 1387 3603 illi-

375 3648 442 3682 co
471 3630 572 3685 illis
595 3632 961 3685 obstrusa-unt
980 3631 1307 3684 Mercurium
1333 3641 1387 3682 et

373 3708 735 3777 Minervam,
720 3711 972 3764 incuriosa
956 3708 1052 3763 de
1064 3712 1303 3782 reliquo,
1320 3727 1387 3761 an

371 3789 462 3842 ille
486 3788 618 3844 deus
636 3803 769 3844 esset
786 3790 948 3844 homo
972 3790 1295 3855 ἀποθιωθεὶς,

375 3868 517 3923 Deus
546 3871 735 3924 unicus
758 3882 960 3924 nature
982 3888 1174 3941 musea
1189 3871 1288 3923 suh
1312 3865 1391 3922 di-

376 3951 537 4003 versis
586 3950 893 4005 nominibus
937 3951 1299 4016 invoca-etun
1323 3967 1391 4002 an

376 4028 554 4099 plures
574 4028 693 4082 dii·
678 4049 734 4083 m
765 4042 941 4083 mente
967 4027 1244 4086 Gallorum
1269 4047 1392 4081 cum

380 4110 644 4164 attributis
674 4107 894 4164 diversis
922 4122 1107 4163 essent.
1141 4109 1392 4162 Sexcenta

380 4187 488 4241 fere
542 4188 813 4242 volumina
856 4187 923 4241 de
975 4188 1077 4241 diis
1119 4188 1394 4241 Gallorum

382 4265 628 4338 prodiere
635 4271 749 4341 jam
761 4267 970 4326 dudum
981 4305 999 4337 ,
1011 4280 1064 4322 et
1076 4286 1142 4322 ex
1159 4267 1263 4324 hae
1283 4280 1396 4324 tan-

2027 1036 2041 1051 .
2074 986 2288 1078 Hujus
2308 1001 2464 1056 sunt

1454 1155 1832 1225 taopinionum
1858 1157 2118 1229 farragine
2133 1198 2150 1224 ‚
2166 1172 2273 1213 tam
2286 1158 2460 1214 diver·

1447 1250 1653 1301 sarum,
1686 1236 1820 1288 nihil
1833 1238 1962 1290 certi
1987 1237 2161 1291 adhuc
2195 1239 2336 1312 apud
2366 1260 2462 1293 nos

1447 1315 1707 1366 manavit:
1726 1312 1840 1386 Ego
1862 1334 1990 1369 vero
2015 1330 2068 1370 et
2092 1319 2463 1391 simpliciorem
2496 1372 2502 1380 ,

1448 1404 1502 1445 et
1527 1394 1881 1464 augustiorem
1917 1395 2193 1450 Gallorum
2222 1411 2348 1453 vett.
2380 1418 2466 1453 re·

1445 1471 1697 1543 ligionem
1752 1486 1971 1528 autumo
1986 1515 2002 1537 ,
2061 1490 2114 1529 et
2159 1476 2463 1532 doctissimo

1447 1552 1605 1605 Moro
1622 1571 1836 1624 prorsus
1849 1555 2118 1621 assentior,
2134 1559 2220 1610 cui
2239 1569 2468 1612 statuen-

1447 1629 1580 1685 dum
1592 1632 1805 1687 videtur
1820 1634 2001 1687 Gallos
2016 1636 2332 1691 existimasse
2347 1656 2466 1691 cor·

1447 1730 1580 1783 pora
1590 1711 1841 1779 humana,
1854 1732 1999 1786 opes,
2014 1717 2242 1786 negotia,
2258 1717 2466 1783 itinera,

1448 1791 1604 1858 bella,
1616 1792 1799 1846 abuno
1811 1795 1926 1846 Deo
1933 1796 2195 1848 contineri
2206 1809 2362 1869 atque
2369 1816 2465 1868 gu·

1449 1871 1825 1939 bernari3illos
1845 1874 2308 1929 verohominesin
2337 1876 2467 1930 deo·

1450 1969 1572 2003 rum
1598 1970 1881 2006 numerum
1896 1956 2167 2026 receptos,
2183 1974 2470 2029 rerumque

1451 2030 1808 2086 moderatores
1828 2071 1846 2099 ,
1891 2035 2071 2104 quales
2123 2036 2334 2106 Jupiter
2358 2075 2375 2103 ‚
2415 2048 2471 2090 et

1451 2112 1643 2182 Apollo
1693 2113 2000 2165 Graecorum
2053 2115 2474 2188 Latinorumque

1455 2190 1688 2257 fuerunt,
1703 2192 1870 2245 Gallis
1884 2194 2040 2264 plane
2063 2195 2270 2265 ignotos
2292 2196 2468 2250 fuisse.

1455 2269 1559 2323 Sed
1583 2284 1643 2324 ut
1673 2269 1739 2324 ad
1769 2272 2099 2326 Mercurium
2130 2275 2345 2327 Gallum
2384 2294 2471 2328 re

1455 2347 1641 2417 deam,
1666 2351 1735 2404 de
1750 2354 1862 2424 ejus
1885 2355 2101 2407 nomine
2115 2355 2318 2408 Celtico
2336 2355 2474 2408 nihil

1455 2443 1691 2498 certum3
1726 2432 1842 2497 alii,
1884 2445 1947 2486 ut
1982 2433 2237 2500 Vossius,
2268 2433 2473 2489 dictum

1457 2522 1649 2583 putant
1664 2511 1751 2563 W
1743 2514 1908 2579 odam
1918 2513 1991 2566 ita
2014 2513 2333 2586 appellatum
2345 2533 2474 2588 pro-

1456 2589 1597 2645 didit
1634 2592 1827 2646 Paulus
1871 2595 2016 2648 Diac.
2037 2596 2074 2649 l.
2110 2612 2165 2660 1,
2205 2594 2275 2649 de
2300 2595 2475 2649 Gestis

1458 2671 1692 2744 Langob.
1719 2687 1773 2726 et
1796 2672 1960 2727 fidem
1989 2675 2113 2728 facit
2144 2692 2248 2728 vox
2275 2676 2476 2748 belgica

1463 2752 1775 2804 wodensdack
1810 2773 1903 2807 seu
1934 2763 2151 2824 φοινίας
2178 2756 2477 2827 significans

1459 2832 1562 2884 dies
1590 2832 1837 2885 Mercurii.
1873 2833 1928 2886 si
1957 2835 2115 2887 Erico
2142 2834 2279 2887 Olao
2305 2834 2478 2889 credi·

1462 2930 1582 2964 mus
1598 2949 1616 2977 ,
1640 2912 1819 2964 Suecis
1847 2913 2056 2965 Othinas
2071 2952 2087 2975 ‚
2119 2926 2209 2966 aut
2230 2915 2373 2967 Odere
2388 2933 2479 2968 vo·

1461 2992 1717 3043 cubatur:
1745 3009 1869 3043 eum
1905 2993 2148 3045 colebant
2183 2993 2336 3045 Sueci
2379 3013 2479 3064 pro

1464 3068 1752 3124 obtinenda
1779 3081 1923 3141 pace·
1938 3083 1993 3123 et
2020 3072 2303 3142 tranquilla
2339 3074 2445 3124 vita
2460 3110 2477 3138 ‚

1463 3163 1808 3222 quartamque
1827 3150 1878 3202 ei
1901 3150 2084 3202 feriam
2109 3153 2484 3204 consecrabant

1466 3230 1567 3282 sub
1596 3231 1813 3283 nomine
1852 3229 2134 3282 odeasdack.
2176 3231 2282 3284 Alii
2309 3232 2480 3284 multo

1466 3311 1645 3381 plures
1658 3350 1676 3374 ‚
1704 3311 1872 3363 fateor
1886 3348 1904 3376 ,
1947 3311 2192 3363 Teutam
2217 3312 2483 3382 appellant

1469 3382 1670 3461 (porro
1698 3391 1945 3444 Teutates
1983 3388 2114 3443 deus
2153 3403 2231 3443 est
2266 3391 2487 3444 immitis

1469 3483 1523 3524 et
1549 3472 1715 3536 serus,
1747 3471 1840 3542 qui
1873 3489 1983 3523 non
2018 3470 2141 3523 satis
2170 3481 2312 3523 recte
2338 3489 2484 3523 com-

1473 3563 1692 3621 paratur
1701 3569 1825 3603 cum
1832 3547 2150 3614 Mercurio);
2167 3562 2220 3603 et
2239 3548 2487 3603 eumdem

1470 3631 1918 3696 eaeeexistimant,
1943 3647 2103 3701 quem
2127 3629 2268 3702 apud
2286 3632 2486 3702 AEgyp·

1472 3710 1577 3762 tios
1614 3710 1795 3773 Theut,
1817 3710 1901 3762 vel
1924 3711 2071 3772 Thac,
2088 3707 2229 3781 apud
2251 3710 2488 3776 Graecos,

1472 3792 1610 3855 Θιὸς,
1641 3789 1726 3843 vel
1764 3791 1899 3850 Ζεὺς.
1935 3789 2039 3842 Sed
2082 3788 2232 3842 addit
2271 3789 2488 3855 Morus,

1473 3888 1633 3941 supra
1651 3870 1795 3922 citat.
1812 3887 1876 3921 ex
1893 3870 2140 3922 omnibus
2156 3881 2373 3941 apparet
2392 3887 2492 3923 nos

1473 3950 1717 4014 nescire,
1759 3960 1939 4002 utrum
1986 3950 2248 4018 peculiare
2290 3967 2492 4002 numen

1476 4030 1667 4094 fuerit,
1690 4047 1757 4081 an
1774 4029 1946 4100 aliqua
1964 4030 2176 4099 ἰνίργιια
2203 4026 2415 4094 divina,
2440 4040 2496 4083 et

1478 4107 1797 4176 modus,aut
1809 4127 1930 4179 pars
1951 4121 2157 4162 tantum
2182 4121 2433 4181 concepta
2463 4129 2494 4164 a

1479 4187 1672 4253 Galli„
1694 4207 1865 4260 neque
1884 4190 2048 4260 magis
2061 4190 2192 4241 scire
2206 4228 2223 4256 ,
2242 4191 2283 4242 si
2296 4207 2495 4242 numen

1482 4269 1667 4338 fuerit,
1685 4287 1792 4341 quo
1812 4271 2027 4324 nomine
2053 4270 2361 4341 insignitum
2388 4271 2497 4324 fue-
