3111 5147
693 554 848 602 noo
982 531 1059 598 C.
1114 527 1394 598 JULII
1460 523 1920 594 CAESARIS
1974 522 2523 592 COMMENT.

697 677 885 723 nem:
918 653 1247 721 Caesarem
1286 649 1591 718 arbitrari
1618 646 1988 741 profectum
2034 648 2102 713 in
2132 645 2391 714 Italiam
2421 669 2435 712 :
2468 667 2680 738 neque
2701 643 2806 714 ali·

695 773 795 827 ter
844 761 1169 827 Carnutes
1203 752 1635 824 interficiendi
1669 753 1952 845 Tasgetii
1976 750 1996 775 ²
2041 747 2383 819 consilium
2424 750 2623 821 fuisse
2663 776 2809 847 cap-

697 879 922 951 turos3
965 887 1176 958 neque
1220 861 1605 945 Eburones,
1657 859 1709 926 si
1750 856 1858 926 ille
1900 857 2199 945 adesset,
2242 872 2423 926 tanta
2465 881 2620 926 cum
2660 882 2811 926 con·

697 971 1057 1065 temptione
1105 969 1312 1036 nostri
1369 965 1454 1033 ad
1515 979 1731 1034 castra
1766 977 2095 1094 ³venturos
2148 988 2339 1032 esse·
2385 987 2521 1031 non
2560 965 2813 1033 hostem

700 1091 1073 1162 auctorem,
1117 1073 1231 1142 sed
1275 1097 1414 1140 rem
1454 1055 1826 1166 spectare³;
1860 1056 2164 1199 subesse:
2203 1070 2547 1138 Rhenum·
2530 1094 2814 1164 ‚magno

697 1207 840 1251 esse
867 1128 1216 1251 Gernianis
1242 1178 1455 1248 dolori
1482 1178 1794 1247 Ariovisti
1819 1191 2100 1246 mortem
2113 1160 2242 1262 ⁵‚et
2274 1178 2640 1270 superiores
2668 1201 2814 1245 nos-

701 1302 836 1357 tras
883 1288 1230 1355 victorias:
1270 1285 1501 1353 ardere
1546 1267 1895 1370 Galliamffi
1938 1297 2038 1352 tot
2080 1280 2490 1351 contumeliis
2534 1285 2816 1377 acceptis

700 1394 824 1463 sub
869 1392 1096 1488 populi
1147 1394 1400 1460 romani
1446 1392 1793 1486 imperium
1841 1389 2209 1477 redactam,
2244 1391 2581 1483 superiore
2616 1388 2816 1484 gloria

702 1501 797 1568 rei
835 1499 1132 1567 militaris
1174 1501 1507 1567 exstincta.
1548 1499 1890 1565 Postremo
1905 1549 1925 1583 ,
1966 1498 2111 1591 quis
2144 1496 2274 1563 hoe
2311 1495 2432 1563 sibi
2471 1494 2815 1590 persuade·

704 1621 805 1674 ret
823 1658 843 1692 ‚
881 1607 1018 1674 sine
1060 1619 1242 1675 certa
1268 1630 1340 1674 re
1367 1603 1815 1697 Ambiorigem
1840 1602 1926 1671 ad
1950 1601 2270 1696 ejusmodi
2299 1600 2647 1671 consilium
2678 1601 2814 1669 des·

706 1711 1000 1782 cendisse
1017 1710 1090 1779 ⁷?
1137 1714 1338 1780 Suam
1391 1711 1780 1779 sententiam
1845 1711 1912 1776 in
1964 1723 2309 1802 utramque
2369 1722 2627 1802 partem
2685 1730 2815 1776 esse

706 1833 948 1886 tutam:
976 1818 1029 1886 si
1055 1815 1148 1884 nil
1175 1820 1257 1886 sit
1284 1817 1511 1885 durius
1526 1803 1575 1902 ⁸,
1596 1813 1776 1884 nullo
1803 1813 2097 1909 periculo
2119 1814 2203 1882 ad
2232 1816 2599 1908 proximam
2627 1813 2815 1907 legio·

707 1948 860 1991 nem
897 1937 1370 2018 perventuros;
1403 1925 1454 1990 si
1483 1919 1699 1991 Gallia
1731 1923 1945 1989 omnis
1982 1946 2135 1989 cum
2162 1923 2511 1990 Germanis
2550 1945 2817 1990 consen·

709 2031 864 2114 tint,
909 2053 1108 2096 unam
1167 2053 1306 2097 esse
1367 2031 1434 2096 in
1497 2027 1828 2096 celeritate
1889 2024 2206 2121 positam⁹
2262 2025 2559 2096 salutem.
2615 2030 2820 2097 Cottae

705 2134 1002 2228 quidem,
1040 2149 1235 2227 atque
1284 2159 1512 2203 eorum
1578 2136 1689 2229 qui
1749 2134 2167 2203 dissentirent
2215 2132 2593 2220 consilium,
2630 2156 2819 2227 quem

705 2240 979 2310 haberet
1002 2240 1289 2310 exitum?
1312 2245 1393 2310 In
1416 2267 1549 2335 quo
1583 2243 1637 2310 si
1659 2266 1793 2309 non
1821 2265 2105 2336 praesens
2133 2238 2530 2333 periculum,
2552 2254 2624 2308 at
2648 2253 2821 2309 certe
2890 2251 2901 2274 ¹*

704 2344 1060 2441 longinqua
1085 2346 1133 2371 ¹⁰
1168 2347 1507 2416 obsidione
1553 2346 1757 2415 fames
1792 2361 1961 2415 esset
2004 2346 2541 2440 pertimescenda.
2568 2362 2601 2398 ’³

708 2532 932 2584 verbum
965 2529 1032 2583 nd
1055 2528 1451 2602 exprimendam
1471 2528 1729 2602 cupidita·
1814 2531 1939 2585 sisse
1955 2530 2229 2598 Romanis,
2243 2528 2388 2602 quod
2404 2530 2564 2603 paulo
2580 2541 2698 2583 ante
2709 2546 2822 2582 m·

709 2623 816 2662 tem
851 2628 956 2681 qua
989 2610 1230 2662 Titurius
1269 2610 1544 2663 tenebatur
1575 2628 1638 2662 ex
1663 2629 1727 2663 eo
1813 2611 1905 2674 sit,
1919 2611 2022 2663 nisi
2035 2630 2148 2663 rem
2166 2623 2310 2663 certo
2330 2612 2594 2680 cognitam
2616 2610 2823 2665 hahuis-

708 2688 829 2741 looo
856 2686 1181 2740 discedendi.

747 2760 758 2767 ’
794 2786 845 2819 2.
865 2766 1186 2899 Ινὲἰεῇἱείεηᾰὶ
1218 2768 1449 2838 Tasgetii,
1471 2766 1597 2820 Vid.
1610 2786 1724 2839 sup.

711 2864 824 2918 cap.
865 2865 892 2899 α
941 2886 954 2899 .

1811 2700 1904 2743 set.
1946 2690 2113 2742 Aliter
2166 2708 2375 2743 sensnm
2419 2690 2577 2761 hujus
2625 2689 2821 2762 phrasis

1810 2769 2011 2897 accepit
2051 2787 2201 2840 grac.
2235 2770 2454 2840 interpr.
2494 2771 2613 2840 πρὸς
2639 2768 2820 2828 veiireu:

1810 2842 1870 2901 δὲ
1898 2851 1978 2900 τὸν
2006 2840 2290 2918 Ᾰμΰιόρυγα
2315 2849 2427 2902 ἄνευ
2457 2868 2585 2910 τινος
2631 2843 2822 2908 ἐλπίδος

794 2926 845 2979 3.
861 2925 965 2979 Sed
979 2946 1075 2978 rem
1089 2939 1314 2997 spectare.
1338 2927 1421 2979 Al.
1440 2939 1723 2997 aspectare.

709 3005 793 3057 Al.
827 3024 890 3058 ex
920 3008 1222 3077 conjectura
1252 3018 1489 3071 tantum,
1514 3027 1566 3057 se
1601 3026 1729 3076 spec·

711 3096 827 3137 tare.
863 3086 931 3137 At
958 3104 1256 3158 pronomen
1280 3107 1331 3138 se
1356 3086 1505 3139 facile
1535 3087 1726 3140 subau-

709 3161 815 3217 diri
841 3178 1030 3235 potest.

791 3249 843 3306 4.
897 3244 1109 3297 Subesse.

705 3323 926 3379 πλησίον.

789 3401 842 3455 5.
872 3405 1109 3455 Ariovisti
1133 3415 1344 3455 mortem.
1364 3403 1580 3455 Dixerat
1592 3402 1722 3456 Cm.

707 3481 744 3532 l.
777 3481 834 3543 Ι,
866 3501 912 3533 c.
955 3482 1058 3546 55,
1085 3481 1409 3534 Ariovistum
1440 3480 1630 3551 fugisse
1667 3483 1724 3534 in

706 3560 976 3626 navicula3
1003 3559 1096 3613 sed
1132 3559 1201 3612 de
1244 3563 1356 3632 ejus
1386 3574 1561 3614 morte
1590 3561 1724 3614 nihil

705 3652 1001 3693 monuerat.
1028 3640 1187 3692 Forte
1212 3640 1295 3692 vir
1318 3640 1406 3693 ille
1431 3638 1593 3694 cladis
1618 3659 1725 3694 sna

706 3715 892 3771 dolore
911 3717 1059 3772 domi
1072 3720 1259 3791 periit3
1281 3732 1372 3773 aut
1400 3720 1583 3786 aliter,
1612 3734 1724 3774 arte

705 3808 757 3849 et
781 3796 907 3850 dolo
929 3799 1164 3853 Caesaris·
1194 3799 1471 3852 Cluverius
1488 3801 1613 3872 legit
1624 3820 1726 3853 soe*-

705 3887 820 3940 mn,
849 3878 961 3930 sine
1008 3878 1114 3931 ulla
1156 3880 1479 3933 auctoritate.
1506 3880 1722 3935 Graecns

705 3955 863 4009 habet
888 3976 1098 4030 quoque
1134 3958 1363 4013 θάνατον.
1396 3961 1532 4013 Item
1563 3958 1718 4014 codd.

703 4052 843 4106 regg.
876 4049 1086 4090 mortem.

786 4120 840 4167 6.
874 4117 1063 4168 Ardere
1097 4116 1327 4171 Galliam.
1350 4118 1434 4171 Ira
1460 4132 1512 4171 et
1541 4120 1721 4173 furore

704 4190 951 4247 adversus
979 4197 1260 4267 Romanos.

787 4291 838 4347 7
863 4271 977 4326 Sine
989 4290 1117 4328 certa
1137 4295 1221 4329 re..
1229 4276 1580 4331 ..descendisse
1598 4276 1723 4331 Sua-

1168 3245 1536 3316 Propinquum
1580 3264 1689 3330 esse
1707 3281 1725 3309 ‚

1811 2929 1892 2979 τὸν
1922 2928 2130 2999 πόλεμον
2184 2925 2537 2981 δουλώσασθαι
2582 2930 2826 2981 Poenum

1812 3006 2141 3076 Ambiorigem
2163 3011 2264 3058 sine
2284 3019 2415 3059 certa
2432 3027 2515 3079 spe
2536 3007 2712 3061 bollum
2728 3027 2827 3059 sur-

1812 3089 1987 3156 cepisse
2000 3081 2021 3148 (
2034 3085 2278 3140 adversus
2294 3083 2551 3150 Roman.)
2567 3106 2679 3141 non
2698 3086 2827 3141 mihi

1813 3176 1921 3217 tam
1949 3166 2126 3238 inepta
2172 3165 2383 3221 videtur
2426 3167 2537 3219 huc
2574 3168 2828 3237 interpre-

1812 3244 1966 3310 tatio,
1993 3264 2149 3316 qnam
2183 3244 2580 3316 Oudendorpio.
2612 3245 2822 3298 Celsus.-

1809 3328 1911 3376 se'ne
1932 3344 2107 3394 magna
2130 3345 2292 3378 causa.

1892 3407 1946 3459 8.
1973 3403 2035 3456 St
2059 3406 2133 3455 m'l
2155 3408 2221 3455 sit
2255 3405 2437 3458 durius.
2463 3404 2694 3473 Δι’λημμα
2727 3415 2823 3456 est.

1811 3482 1931 3536 Scil.
1962 3495 2053 3535 aut
2089 3502 2172 3535 res
2208 3503 2319 3536 non
2365 3503 2430 3551 eo
2471 3483 2830 3553 angustiarum

1809 3562 2050 3627 venient;
2076 3575 2167 3614 aut
2187 3564 2357 3617 Gallia
2391 3563 2594 3628 omnis,
2618 3574 2721 3616 etc.
2738 3600 2757 3628 ‚
2773 3564 2828 3615 in

1807 3653 2034 3712 utroque
2041 3655 2350 3708 eventu,ete.
2362 3642 2645 3695 Infirmum
2657 3655 2828 3696 antem

1808 3718 2085 3787 dilemma,
2121 3721 2267 3793 quod
2311 3741 2342 3777 a
2371 3722 2650 3776 contrariis
2681 3722 2828 3777 facile

1807 3801 1970 3853 everti
2000 3813 2225 3872 poterat.

1890 3900 1942 3949 9.
1980 3881 2135 3933 Unam
2159 3901 2257 3933 esse
2282 3884 2333 3934 in
2351 3881 2710 3952 celeritatem.
2734 3879 2828 3935 sal.

1807 3958 1893 4012 Sic
1924 3960 2111 4032 Virgil.
2135 3965 2256 4016 AEn.
2286 3979 2357 4025 11,
2383 3961 2495 4023 354
2519 3979 2533 4013 ε

1806 4039 1911 4084 Una
1926 4040 2054 4117 §Qun
2068 4040 2217 4095 victis,
2229 4039 2406 4086 nullm
2420 4053 2609 4100 sperare
2622 4037 2832 4085 saluum.

1892 4138 1980 4172 10.
2007 4121 2309 4192 Longinqm.
2342 4119 2424 4171 Al.
2459 4119 2623 4189 longa.
2651 4118 2834 4171 Minus

1806 4195 2838 4272 bene.Longinquwnautemp1-odinttu··

1811 4297 1887 4332 no
1917 4291 2156 4351 tempore
2185 4279 2350 4350 accipi
2376 4297 2531 4350 posse
2544 4277 2712 4332 multa
2734 4275 2842 4341 do,
