3111 5147
588 550 726 619 DE
769 550 1115 657 nmmo
1158 549 1652 619 GALLlco.
1711 552 1899 619 Lm.
1944 552 2079 621 v1.

285 698 434 753 tam
462 734 481 768 ‚
536 681 844 777 dispersis
901 707 979 751 ac
1035 706 1221 778 paene
1281 680 1508 751 deletis
1569 683 1865 753 hostibus
1893 736 1913 771 ,
1959 686 2029 752 in
2081 681 2364 753 millibus
2391 671 2414 710 ⁵

287 813 607 885 passuum
629 791 732 856 III
757 788 1006 858 offendi
1026 803 1247 884 posset
1262 815 1281 876 ;
1299 789 1588 882 quinque
1613 789 1918 858 cohortes
1943 789 2416 860 frumentatum

285 898 358 965 in
398 896 733 991 proximas
776 910 1026 990 segetes
1067 897 1278 984 misit,
1314 918 1477 988 quas
1520 895 1690 962 inter
1716 910 1782 963 et
1810 911 2024 964 castra
2066 922 2237 965 unus
2273 923 2415 967 om-

289 1004 451 1072 nino
479 1001 662 1071 collis
697 1004 1028 1071 intererat.
1059 999 1453 1096 Complures
1487 1016 1678 1069 erant
1704 1001 1771 1068 in
1798 1003 2026 1070 castris
2047 987 2073 1025 ⁶
2102 1012 2182 1071 e‘x
2217 1001 2415 1097 legio-

290 1108 485 1176 nibus
527 1110 685 1202 aegri
727 1108 934 1177 relicti
959 1134 978 1196 3
1006 1133 1086 1176 ex
1128 1107 1365 1201 quibus
1409 1108 1521 1201 qui
1551 1107 1683 1175 hoc
1720 1108 1930 1235 spatio
1967 1108 2221 1177 dierum
2259 1134 2416 1179 con·

290 1212 639 1283 valuerant
660 1268 680 1301 ‚
734 1216 993 1283 circiter
1019 1213 1267 1305 ‘CCC7
1328 1212 1451 1281 sub
1495 1211 1734 1281 vexillo
1839 1224 1973 1283 una
2027 1216 2415 1285 mittuntur:

289 1344 533 1413 magna
561 1334 876 1414 praeterea
910 1318 1264 1388 multitudo
1295 1316 1642 1405 calonum,
1670 1342 1910 1413 magna
1951 1321 2049 1388 vis
2085 1321 2415 1413 jumento·

292 1450 442 1493 rum
465 1479 484 1511 ,
514 1450 658 1519 quae
685 1428 754 1493 in
784 1426 1013 1495 castris
1057 1424 1439 1493 subsederat
1457 1478 1475 1511 ,
1505 1423 1676 1493 facta
1716 1439 2038 1518 potestate
2057 1481 2077 1514 ‚
2106 1430 2417 1521 sequitur.

401 1534 756 1600 XXXVII.
786 1534 932 1600 Hoc
975 1533 1118 1627 ipso
1161 1545 1457 1625 tempore
1482 1545 1549 1599 et
1574 1554 1733 1599 casu
1755 1529 1772 1553 ¹
1821 1534 2138 1601 Germani
2169 1537 2419 1628 equites

287 1639 737 1706 interveniunt
770 1692 789 1725 ‚
840 1640 1268 1732 protinusque
1336 1635 1571 1705 eodem
1636 1635 1747 1706 illo
1780 1691 1799 1724 ‚
1861 1663 1994 1732 quo
2053 1655 2371 1708 venerant
2400 1693 2421 1728 ,

280 1768 492 1813 cursu
519 1743 604 1812 ab
634 1743 999 1813 decumana
1031 1759 1222 1839 porta
1243 1741 1264 1767 ²
1297 1745 1365 1811 in
1402 1758 1615 1812 castra
1649 1744 2016 1838 irrumpere
2051 1761 2417 1815 conantur:

286 1874 416 1918 nec
444 1851 628 1945 prius
665 1865 820 1919 sunt
854 1853 1012 1938 visi,
1040 1851 1312 1945 objectis
1341 1850 1425 1918 ab
1451 1874 1529 1918 ea
1557 1865 1745 1945 parte
1782 1849 1960 1920 silvis
1983 1905 2003 1934 ‚
2033 1875 2232 1945 quam
2277 1876 2417 1921 cas·

289 1957 409 2024 tris
468 1958 1076 2051 appropinquarent
1099 2012 1119 2045 ‚
1163 1981 1369 2051 usque
1411 1981 1491 2025 eo
1517 2009 1536 2043 ‚
1580 1971 1658 2025 ut
1682 2009 1701 2042 ,
1743 1958 1856 2050 qui
1899 1957 2043 2026 sub·
2066 1956 2239 2027 vallo
2277 1972 2418 2027 ten·

287 2060 527 2132 derent
564 2079 965 2133 mercatores
987 2049 1035 2151 ³,
1078 2063 1431 2158 recipiendi
1474 2065 1576 2132 sui
1617 2062 1995 2132 facultatem
2039 2089 2175 2132 non
2216 2064 2416 2134 habe·

291 2183 467 2236 rent.
531 2171 954 2265 Inopinantes
1011 2172 1219 2239 nostri
1267 2195 1336 2238 re
1385 2194 1561 2238 nova
1621 2169 2094 2263 perturbantur
2117 2225 2136 2257 ‚
2180 2195 2257 2240 ac
2307 2173 2419 2240 vix

221 2356 229 2361 ⁵
289 2275 582 2368 primum
623 2278 941 2370 impetum
981 2276 1219 2345 cohors
1247 2278 1320 2347 in
1345 2277 1623 2345 statione
1660 2277 1949 2345 sustinet.
1996 2276 2416 2346 Circumfun-

287 2380 544 2471 duntur
584 2382 808 2451 hostes
837 2407 919 2451 ex
960 2381 1222 2476 reliquis
1265 2382 1562 2476 partibus
1584 2434 1603 2467 ‚
1635 2382 1686 2449 si
1716 2406 1913 2476 quem
1950 2381 2200 2451 aditum
2231 2407 2417 2477 repe-

287 2488 422 2555 rire
458 2503 743 2583 possent.
786 2490 982 2584 AEgre
1013 2490 1221 2558 nostri
1250 2503 1474 2583 portas
1510 2501 1780 2556 tuentur
1801 2475 1850 2576 ⁴,
1880 2487 2161 2583 reliquos
2204 2488 2417 2559 aditus

287 2591 476 2664 locus
530 2597 670 2691 ipse
721 2620 840 2690 per
882 2621 949 2664 se
1010 2598 1416 2690 munitioque
1458 2594 1767 2664 defendit.
1823 2597 2004 2664 Totis
2054 2594 2421 2690 trepidatur

288 2702 562 2790 castriS,
597 2716 794 2796 atque
835 2700 998 2772 alius
1041 2728 1121 2771 ex
1155 2701 1282 2772 alio
1320 2727 1586 2772 causam
1630 2700 1949 2771 tumultus
1989 2703 2262 2796 quaerit:
2304 2727 2416 2772 ne-

289 2831 421 2899 que
456 2832 590 2902 quo
634 2811 818 2902 signa
860 2808 1156 2879 ferantur
1179 2861 1198 2895 ‚
1241 2833 1453 2903 neque
1497 2832 1694 2902 quam
1737 2811 1804 2875 in
1847 2823 2103 2903 partem
2146 2810 2417 2903 quisque

291 2915 644 2983 conveniat
664 2968 682 3003 ,
710 2914 1076 3010 provident.
1111 2913 1295 2984 Alius
1329 2929 1523 3010 capta
1557 2914 1697 3007 jam
1728 2928 1943 2983 castra
1984 2917 2417 3007 pronunciat;

2265 553 2406 624 281

288 3124 484 3177 cimam
507 3123 719 3178 tertiam
731 3135 937 3177 tantum
956 3125 1217 3195 legionem
1229 3141 1308 3176 se-

290 3221 417 3257 cum
449 3203 675 3256 habebnt
705 3204 891 3258 Cicero
919 3222 1040 3257 cum
1072 3201 1311 3256 ducentis

290 3283 575 3353 equitibus.
602 3282 706 3337 Sed
725 3302 918 3338 novem
939 3283 1167 3354 legiones
1195 3300 1312 3353 quo

293 3363 351 3416 h.
387 3364 423 3415 1.
456 3377 843 3429 memorantur,
873 3363 1111 3416 hostibus
1148 3380 1315 3434 oppo-

295 3443 570 3496 sitae-rant
585 3443 743 3496 variis
773 3445 828 3518 in
846 3443 990 3496 locis.
1007 3440 1134 3495 vid.
1150 3461 1196 3494 c.
1218 3442 1310 3495 33.

379 3521 429 3575 5.
473 3523 535 3575 ln
563 3523 785 3576 millibus.
824 3524 972 3576 Intra
1012 3523 1112 3575 tria
1149 3522 1313 3574 millia

293 3619 558 3672 passuum.
588 3601 664 3654 M.

378 3685 430 3735 6.
452 3682 514 3734 In
543 3685 732 3734 eastris.
743 3682 902 3735 Deest
928 3683 985 3734 in
1010 3680 1164 3734 oodd.
1181 3700 1316 3733 non·

293 3760 471 3813 nullis.
514 3760 730 3814 Graecus
761 3762 1019 3833 interpres
1061 3761 1220 3813 habet
1263 3763 1312 3815 ἐν

293 3843 546 3911 δωροῦ-τᾳ,
587 3859 688 3911 pro
715 3833 1059 3910 Ᾱδουατοὺκᾳ.
1112 3841 1214 3893 On.
1248 3841 1313 3892 In

292 3918 413 3973 cod.
447 3931 631 3973 nomo
662 3921 845 3991 5763,
871 3918 1018 3973 deest
1046 3925 1232 3973 castris.

263 4003 298 4020 ‘
375 4018 428 4069 7.
449 3998 659 4052 Cis-citer
677 3998 832 4054 CCC.
860 3999 1029 4053 Grac.
1048 3999 1309 4070 interpres

290 4080 536 4150 scripsit,
560 4074 833 4144 διακόσιοις
863 4077 1094 4132 ducenti.
1126 4078 1284 4130 Male.

294 4200 304 4208 .
373 4160 427 4211 8.
441 4158 544 4212 Sub
559 4160 757 4213 mmo.
775 4159 966 4212 Morus
982 4158 1132 4211 malit
1154 4158 1313 4209 vexil-

293 4239 408 4302 Ιφιι.
427 4239 549 4292 Non
567 4240 730 4304 male,
742 4238 836 4294 aed
856 4240 969 4293 tine
987 4237 1311 4292 auctoritate.

1476 3122 1605 3176 Cu».
1639 3121 1923 3174 XXXVII.
1966 3140 2013 3174 1.
2047 3121 2124 3174 Ee
2151 3141 2280 3175 casu.
2317 3122 2412 3177 Gr.

1396 3202 1620 3272 interpr.
1642 3214 1803 3266 recte,
1815 3199 2017 3255 Clarkii
2031 3213 2083 3253 et
2102 3198 2418 3256 Oudendor-

1399 3280 1475 3353 pii
1500 3278 1733 3353 judicio,
1757 3281 2001 3351 copulam
2030 3292 2079 3332 et
2103 3282 2295 3334 omisit.

1483 3381 1533 3414 2.
1562 3362 1843 3413 Decwnana
1854 3373 2015 3432 porta.
2049 3360 2170 3413 Scil.
2204 3361 2269 3412 ab
2292 3360 2414 3413 hos·

1398 3441 1540 3494 tibus
1572 3459 1774 3504 aversa,
1805 3452 1860 3493 et
1887 3441 2217 3513 protorianae
2251 3458 2415 3512 oppo-

1399 3521 1512 3573 sita.
1544 3522 1577 3573 J
1582 3518 1875 3592 ampridem
1905 3521 2224 3573 monuimus.

1484 3602 1534 3654 3.
1552 3601 1644 3662 Ut,
1674 3604 1757 3672 qui
1775 3599 1863 3652 sub
1876 3600 2014 3651 vallo
2032 3600 2272 3651 tenderent
2294 3618 2413 3649 mer-

1399 3692 1599 3733 catores.
1627 3680 1705 3731 Ex
1752 3680 1834 3733 his
1870 3691 2075 3734 constat
2103 3690 2415 3732 mercatores

1397 3778 1507 3812 non
1527 3758 1685 3811 fuisse
1699 3760 1985 3830 permixtos
2015 3758 2073 3810 in
2097 3759 2277 3811 castris
2294 3776 2417 3810 cum

1398 3838 1684 3901 militnm„
1716 3836 1807 3891 sed
1848 3850 2031 3891 contra
2074 3849 2240 3891 castra
2281 3837 2418 3890 loca·

1400 3931 1482 3971 tos
1497 3954 1516 3985 ‚
1537 3914 1680 3970 unde
1703 3929 1973 3989 receptum
2000 3917 2129 3970 inea
2142 3917 2414 3980 haberent,

1399 3998 1443 4052 oi
1474 3995 1606 4069 quid
1636 4008 1769 4050 esset
1805 3995 2026 4067 periculi
2049 3994 2411 4049 metuendum.

1481 4083 1534 4140 4.
1550 4076 1893 4147 AEgreportas
1906 4079 2057 4126 nostri
2070 4087 2272 4128 tuentur.
2294 4076 2415 4128 Non

1399 4156 1542 4209 enim
1581 4168 1873 4208 castrorum
1917 4155 2084 4227 portis
2128 4155 2260 4208 fossa
2305 4168 2417 4210 erat

1400 4237 1633 4304 objecta,
1657 4233 1747 4290 sed
1780 4235 1967 4307 planus
1998 4232 2184 4289 aditus.
