3111 5147
715 535 863 619 [μα
1028 531 1439 604 c.JUL11
1493 529 1952 603 CAESARIS
2005 528 2558 600 COMMENT.

712 690 912 761 quam
971 666 1053 736 de
1112 666 1470 736 domestica
1527 664 1737 735 salute
1789 664 2191 760 cogitandi:
2241 689 2373 759 qua
2409 662 2740 733 celeritate
2783 677 2854 731 et

715 772 939 843 fideles
969 775 1214 843 amicos
1259 758 1629 842 retinebat⁵
1640 786 1758 860 ,et
1793 772 2168 840 dubitantes
2204 786 2458 840 terrore
2497 770 2583 838 ad
2627 768 2851 839 condi-

716 881 928 950 tiones
947 882 1125 976 pacis
1149 879 1534 949 adducebat.
1555 875 1697 947 Tali
1721 877 2095 947 conditione
2117 879 2487 1008 proposita,
2505 877 2856 995 Bituriges,

717 1010 956 1081 quum
951 988 1086 1055 sibi
1120 986 1420 1054 viderent
1451 984 1799 1054 clementia
1836 968 2156 1054 Caesaris⁶
2190 984 2476 1053 reditum
2523 998 2757 1077 patere
2792 985 2853 1049 in

722 1091 863 1185 ejus
906 1094 1294 1178 amicitiam,
1329 1091 1770 1184 finitimasque
1810 1087 2105 1160 civitates
2149 1092 2288 1159 sine
2328 1089 2463 1158 ulla
2503 1114 2707 1185 poena
2746 1088 2854 1158 de-

723 1198 895 1268 disse
927 1198 1186 1267 obsides
1207 1252 1226 1284 ‚
1254 1212 1452 1292 atque
1477 1198 1545 1266 in
1574 1197 1773 1266 fidem
1803 1211 2100 1292 receptas
2122 1221 2265 1265 esse
2286 1250 2305 1284 ‚
2334 1196 2506 1265 idem
2537 1196 2853 1264 fecerunt.

833 1307 953 1374 IV.
1001 1306 1224 1375 Caesar
1258 1302 1570 1373 militibus
1606 1329 1727 1398 pro
1770 1318 1956 1373 tanto
1992 1302 2216 1372 labore
2250 1327 2328 1373 ac
2364 1304 2682 1398 patientia
2703 1355 2723 1386 ,
2748 1302 2853 1394 qui

731 1409 1139 1479 brumalibus
1161 1411 1392 1480 diebus
1407 1464 1427 1498 ,
1445 1411 1784 1479 itineribus
1806 1409 2229 1495 difficillimis,
2254 1408 2607 1505 frigoribus
2629 1407 2855 1477 intole-

732 1516 954 1586 randis
972 1517 1478 1605 ,studiosissime
1507 1530 2009 1611 permanserant
2028 1517 2094 1584 in
2124 1515 2384 1603 labore,
2403 1516 2700 1586 ducenos
2734 1540 2853 1583 ses·

731 1623 1000 1693 tertios¹
1020 1623 1562 1712 ,centurionibus
1592 1646 1645 1693 11
1672 1621 1870 1690 millia
1899 1647 2244 1691 nummum
2267 1569 2554 1717 'pi-aedae
2601 1623 2856 1690 nomine

735 1715 1211 1800 condonanda³
1238 1727 1618 1825 pollicetur3
1639 1728 2175 1824 legionibusque
2159 1754 2225 1797 ιιι
2249 1729 2526 1799 hiberna
2548 1728 2858 1815 remissi3,

757 1954 768 1969 ·
827 1931 878 1984 ⁵.
905 1930 1100 1983 Fideles
1120 1929 1554 1982 ammosreeinebat.
1581 1926 1646 1982 Id
1663 1943 1760 1995 est,

741 2010 966 2065 faciebat
984 2048 1000 2076 ,
1037 2023 1096 2063 ut
1136 2010 1289 2063 amici
1340 2022 1614 2064 manerent
1659 2010 1759 2062 sibi

742 2087 954 2156 fideles,
973 2090 1027 2142 in
1052 2088 1159 2143 fide
1183 2103 1470 2143 manerent.
1503 2089 1761 2142 Nonnulli

741 2167 899 2224 codd.
925 2170 1153 2236 habent,
1175 2171 1330 2237 facile
1345 2175 1520 2222 micas
1540 2173 1678 2222 retia.

829 2254 882 2304 6.
919 2248 1183 2303 Clementia
1215 2248 1441 2304 Caesaris.
1485 2249 1764 2303 Vulcatius

746 2328 804 2383 in
823 2328 1015 2383 Avidio
1032 2330 1243 2383 Cassio:
1258 2329 1373 2382 Non
1392 2329 1648 2402 quidquam
1666 2340 1764 2395 est,

748 2401 954 2481 inquit,
979 2410 1110 2480 quod
1133 2413 1376 2479 imperium
1399 2427 1644 2461 romanum
1668 2429 1763 2460 me·

663 2494 668 2498 ’
750 2489 842 2541 lius
860 2490 1146 2542 commendet
1153 2489 1386 2560 genubus
1403 2508 1544 2560 quam
1565 2490 1765 2541 clemen-

751 2572 839 2623 tia.
882 2569 1008 2621 Hoec
1038 2567 1275 2621 Coesarem
1303 2568 1460 2621 Deum
1473 2569 1637 2634 fixit,-
1665 2568 1768 2621 Ιιιεσ

751 2648 1030 2717 Augustum
1076 2651 1393 2711 consecr-avim
1436 2649 1538 2699 hoec
1579 2660 1768 2720 patrem

756 2738 888 2778 tuum
921 2730 970 2778 in
1009 2730 1178 2797 primis
1224 2727 1310 2778 Pii
1348 2732 1533 2779 nomine
1564 2732 1765 2780 ornavit.

751 2806 848 2858 Est
888 2806 1179 2859 Clementia
1233 2806 1614 2879 imperatorum
1672 2805 1770 2861 dos

753 2887 954 2958 prima,
984 2883 1053 2938 de
1081 2904 1185 2958 qua
1206 2898 1258 2940 et
1289 2885 1611 2940 Claudianus
1637 2906 1769 2959 quo·

754 2983 881 3037 que,
908 2963 976 3018 de
1002 2985 1058 3019 ιν
1087 2967 1287 3020 consul.
1309 2966 1450 3019 Hon.
1478 2985 1530 3020 v.
1569 2985 1726 3039 277:

813 3080 1063 3092 ..........
1091 3052 1192 3093 cnm
1215 3054 1255 3092 vi
1259 3067 1395 3093 ιιιιοιιιι
1439 3055 1482 3093 ἰιι
1507 3068 1600 3092 omn

809 3118 914 3160 Πιιιι
887 3133 996 3165 nem
1015 3120 1509 3175 ocaladeoaeqntcletne
1511 3123 1593 3161 nti·
1616 3122 1747 3162 nobit.

835 3203 964 3256 (ΠΛΡ.
979 3203 1078 3255 IV.
1098 3222 1119 3256 1
1132 3243 1145 3255 .
1162 3204 1386 3255 Duc-enos
1399 3207 1652 3258 sestertios.
1664 3202 1776 3257 Sese

756 3281 942 3335 tertius
952 3321 967 3347 ,
985 3295 1171 3353 quarta
1186 3302 1306 3354 pars
1323 3281 1527 3335 denarii
1542 3282 1773 3348 romani,

758 3359 991 3427 seuduos
1005 3380 1139 3415 asses
1152 3381 1273 3415 cum
1288 3360 1530 3415 dimidio.
1547 3362 1775 3415 Notatur

755 3438 826 3492 H.
842 3432 898 3493 SJ
911 3441 1302 3512 i.e.dupondium‚
1316 3461 1408 3493 seu
1420 3439 1530 3493 duo
1537 3441 1775 3512 pondera

758 3537 879 3571 cum
904 3521 1032 3573 semi
1056 3539 1229 3591 supra.
1251 3520 1529 3573 sestertius
1545 3540 1607 3575 ex
1623 3539 1776 3573 accu-

757 3599 1014 3653 ratissima
1053 3601 1444 3670 computatione
1483 3599 1777 3654 eruditissi-

761 3679 835 3730 mi
877 3678 978 3733 viri
1022 3680 1276 3741 Len-ome,
1326 3681 1451 3751 Reg.
1485 3678 1778 3733 Academia

753 3757 1004 3831 Inscript.
1022 3758 1193 3824 Socii,
1218 3755 1358 3821 (vid.
1394 3758 1779 3813 Con-sideralium

757 3838 1001 3908 generales
1023 3858 1107 3890 sm·
1125 3839 1432 3893 l’dvaluaabn
1444 3840 1526 3893 des
1539 3843 1778 3892 monnaies

758 3937 984 3990 grecques
1013 3929 1064 3969 et
1089 3924 1350 3985 mmaines,
1371 3938 1426 3991 p.
1472 3918 1542 3975 85
1563 3917 1612 3986 ),
1641 3920 1780 3973 valet

766 4016 893 4051 acc.
911 3994 968 4065 ἐς
984 4011 1036 4052 et
1066 4019 1176 4053 200
1197 4000 1420 4054 sestertii
1443 3999 1682 4053 efficiunt
1703 4006 1770 4064 41

761 4077 834 4130 fr.
850 4078 1043 4151 cuique
1056 4080 1213 4133 militi
1225 4080 1504 4134 attributos
1520 4099 1533 4134 :
1555 4080 1651 4146 ita,
1679 4099 1779 4152 pro

771 4173 794 4207 1
807 4174 951 4211 oooo
961 4159 1105 4214 hom.
1122 4161 1314 4233 quibus
1333 4161 1641 4214 constabant
1662 4157 1781 4213 duo

763 4234 1025 4308 legiones,
1053 4239 1364 4295 habebimus
1394 4244 1620 4307 410000
1648 4240 1717 4295 fr.

1929 1948 1977 1983 α.
2009 1928 2372 1983 Centun‘aemibus
2397 1930 2460 1983 II
2483 1931 2587 1983 mil.
2616 1933 2857 1982 nmmh.

1845 2011 1924 2062 De
1948 2010 2180 2063 nummis
2210 2011 2497 2081 argenteis,
2524 2029 2620 2064 seu
2643 2007 2862 2062 denariis

1844 2090 1957 2143 hoc
1986 2089 2287 2162 accipienda
2310 2103 2463 2155 sunt,
2485 2108 2599 2142 non
2628 2087 2697 2142 de
2714 2107 2860 2141 num·

1845 2169 1947 2222 mis
1985 2170 2172 2223 aureis.
2204 2171 2373 2224 Porro
2402 2188 2660 2222 nummus
2689 2187 2858 2240 argen-

1847 2262 1994 2315 teus,
2026 2267 2116 2301 sen
2146 2248 2426 2316 denarius,
2455 2244 2631 2309 (taut-2·
2660 2252 2733 2312 84
2759 2252 2791 2300 ὰ
2816 2247 2862 2299 Ia

1848 2331 1962 2381 livre
1992 2329 2053 2380 de
2080 2348 2145 2382 ιι
2173 2327 2348 2391 cam)
2392 2341 2601 2382 constat
2628 2332 2699 2384 82
2726 2330 2861 2379 centi-

1850 2428 1970 2470 mes,
2006 2412 2073 2462 16
2101 2428 2141 2462 s.
2170 2406 2191 2470 Ξ
2226 2409 2307 2461 Ita
2343 2410 2537 2480 cuique
2570 2407 2861 2462 centurioni

1859 2493 2005 2552 1640
2017 2488 2052 2540 f.
2076 2501 2127 2542 et
2147 2507 2247 2561 pro
2276 2488 2862 2561 viginticenturionibm

1852 2569 1948 2641 qui
1994 2581 2143 2621 erant
2202 2568 2261 2622 in
2310 2568 2516 2640 legione
2565 2569 2759 2625 32800
2802 2567 2862 2621 fia

1854 2649 2117 2701 Coeterum
2142 2645 2211 2701 de
2231 2649 2331 2701 hac
2356 2647 2584 2702 lectione
2608 2668 2720 2701 non
2736 2665 2865 2713 ,con-

1852 2741 1971 2782 stat.
1995 2727 2194 2781 Omnes
2216 2726 2372 2782 codd.
2400 2728 2599 2781 hahent
2630 2741 2703 2780 tot
2724 2727 2865 2778 ιιίΙΙιῗο

1855 2813 2089 2859 nummum
2129 2847 2144 2870 ,
2208 2805 2357 2879 quod
2420 2805 2585 2859 fidem
2652 2805 2864 2861 excedit.

1855 2887 1993 2939 Nam
2023 2887 2068 2939 si
2105 2888 2297 2958 cuique
2336 2886 2638 2940 centurioni
2675 2885 2866 2940 condo-

1855 2978 1978 3018 nata
2024 2966 2245 3019 fuissent
2283 2965 2485 3020 ducena
2522 2966 2691 3020 millia
2720 2984 2869 3019 nun·

1856 3044 2002 3098 mum
2024 3083 2040 3111 ,
2074 3045 2339 3099 habuisset
2377 3051 2591 3110 164000
2620 3047 2688 3099 fr.
2717 3043 2869 3098 Unde

1858 3137 1974 3177 orta
1987 3124 2055 3177 sit
2069 3138 2248 3177 nostra
2262 3125 2423 3177 lectio
2435 3126 2699 3191 nescitur,
2724 3138 2777 3177 et
2798 3135 2872 3177 cst

1858 3201 2157 3257 emendatio
2200 3204 2571 3258 recentiorum.
2622 3200 2872 3256 Oudend-

1859 3283 2218 3355 suspicabatur
2230 3285 2301 3336 ad
2304 3286 2337 3337 1
2334 3285 2366 3337 Ι
2369 3284 2468 3336 mil.
2482 3290 2723 3335 nmmum.
2737 3284 2872 3335 Rec-

1860 3376 1930 3416 te:
1940 3382 2062 3417 nam
2071 3364 2445 3437 praepositioad
2448 3359 2582 3435 apud
2588 3362 2870 3433 scriptores

1859 3443 2052 3514 passim
2071 3440 2197 3495 addi
2220 3444 2388 3497 solere
2410 3456 2607 3496 certum
2624 3454 2719 3494 est.
2749 3441 2874 3493 Tm·-

1854 3527 1942 3595 pin
1967 3522 2028 3575 de
2061 3522 2223 3576 Crissc'
2241 3524 2619 3595 interpretatur
2640 3521 2739 3573 duo
2769 3520 2873 3572 md·

1863 3603 1932 3653 lia
1971 3608 2229 3659 nummum,
2267 3600 2375 3655 duo
2414 3602 2582 3655 millia
2614 3601 2874 3654 sestertio·

1862 3701 1983 3736 rum
2002 3720 2018 3748 ,
2037 3701 2177 3749 non,
2200 3695 2260 3735 ut
2286 3683 2388 3749 ait,
2423 3683 2530 3735 500
2560 3682 2630 3747 l.,
2651 3680 2871 3743 scd4m

1863 3760 1928 3814 fr.
1983 3762 2175 3833 cuique
2217 3762 2533 3815 centurioni.
2580 3761 2707 3814 Non
2748 3758 2875 3812 male

1863 3854 2005 3893 certe
2049 3854 2102 3894 et
2149 3860 2277 3895 vero
2319 3841 2559 3913 propius.
2606 3840 2876 3895 Satan-tius

1862 3920 2008 3973 enim
2036 3921 2242 3974 minuta
2258 3935 2369 3974 erat
2396 3934 2609 3974 moneta
2642 3932 2877 3991 argentea

1865 4013 2106 4072 quartam
2148 3999 2352 4055 denarii
2387 4014 2594 4073 partem
2624 4000 2879 4063 referens,

1864 4079 1987 4135 ideo
2014 4100 2228 4159 quoqne
2251 4101 2351 4153 pro
2379 4099 2603 4134 nummo
2617 4118 2635 4146 ,
2660 4077 2760 4133 sed
2785 4077 2881 4131 mi·

1865 4162 2142 4215 nutissimo
2162 4200 2179 4226 ,
2204 4174 2377 4233 potest
2406 4160 2590 4231 accipi.

1952 4241 2005 4297 3.
2024 4240 2367 4296 condonanda.
2386 4240 2455 4295 Et
2475 4226 2659 4295 omnes
2671 4254 2883 4312 qnoque
