3111 5147
559 577 699 644 DE
754 576 1099 644 BELLO
1153 577 1643 646 GALLICO.
1702 579 1886 648 LIB.
1942 580 2074 651 lv.
2264 583 2406 683 159

265 706 586 806 compleri
606 709 829 802 jussit,
851 723 920 777 et
940 733 1107 804 quos
1129 706 1501 779 laborantes
1531 727 1995 806 conspexerat,
2017 715 2092 784 iis
2120 715 2408 789 subsidia

264 815 709 885 submittebat.
755 817 982 886 Nostri
997 869 1017 904 ,
1040 814 1230 885 simul
1273 817 1340 884 in
1380 817 1565 886 arido
1601 820 2070 907 constiterunt,
2094 825 2225 891 suis
2264 850 2406 894 om-

262 922 457 992 nibus
475 923 880 1011 consecutiS,
902 923 973 991 in
1003 921 1228 992 hostes
1257 923 1579 1018 impetum
1611 924 1911 994 fecerunt
1921 941 2164 1022 ,atque
2197 954 2311 999 eos
2338 933 2403 1001 in

264 1027 492 1123 fugam
528 1027 886 1118 dederunt3
917 1053 1131 1159 neque
1170 1028 1430 1125 longius
1464 1032 1774 1126 prosequi
1805 1047 2200 1125 potuerunt,
2223 1038 2405 1130 quod

264 1138 515 1229 equites
550 1159 819 1206 cursum
856 1120 1118 1204 tenere⁵
1139 1150 1341 1231 atque
1385 1136 1665 1207 insulam
1711 1162 1950 1242 capere
2000 1165 2137 1209 non
2169 1157 2403 1237 potue·

263 1255 430 1311 rant.
472 1245 624 1312 Hoc
651 1265 864 1311 unum
901 1242 987 1311 ad
1021 1243 1365 1337 pristinam
1400 1243 1735 1314 fortunam
1768 1247 2011 1315 Caesari
2044 1245 2269 1317 defuit.

367 1350 657 1418 XXVII.
698 1352 939 1419 Hostes
968 1349 1194 1444 praelio
1231 1352 1553 1445 superati,
1582 1350 1772 1420 simul
1802 1367 2001 1447 atque
2031 1379 2100 1423 se
2134 1380 2215 1424 ex
2245 1356 2403 1452 fliga

263 1469 688 1549 receperunt,
714 1457 932 1525 statim
955 1456 1039 1525 ad
1062 1458 1392 1526 Caesarem
1417 1455 1667 1552 legatos
1700 1458 1784 1526 de
1817 1482 1981 1553 pace
2004 1461 2324 1531 miserunt
2350 1463 2399 1532 ¹:

262 1560 517 1631 obsides
557 1561 829 1632 daturos
844 1617 862 1650 ,
886 1585 1162 1658 quaeque
1202 1566 1586 1659 imperasset
1608 1589 1747 1634 sese
1780 1564 2071 1635 facturos
2086 1620 2104 1655 ,
2130 1568 2402 1662 polliciti

261 1683 428 1738 sunt.
472 1670 632 1738 Una
671 1694 826 1738 cum
856 1670 958 1738 his
993 1667 1221 1765 legatis
1261 1671 1605 1741 Commius
1638 1670 1918 1740 Atrebas
1948 1674 2161 1762 venit,
2198 1699 2396 1769 quem

260 1798 462 1869 supra
474 1773 1118 1845 'demonstraveram
1135 1779 1444 1848 aCaesare
1462 1778 1945 1846 inBritanniam
1967 1783 2394 1873 praemissum.

260 1883 463 1951 Hunc
499 1880 587 1951 illi
621 1907 657 1951 e
702 1884 856 1951 navi
895 1907 1229 1978 egressum
1248 1938 1266 1972 ,
1289 1908 1497 2015 quum
1550 1883 1637 1951 ad
1695 1908 1809 1953 eos
1862 1888 2143 1955 oratoris
2194 1887 2397 1957 modo

258 1987 668 2082 imperatoris
682 1988 994 2058 mandata
1015 1975 1399 2084 perferret³,
1423 1990 2089 2084 comprehenderant,
2105 2005 2304 2088 atque
2327 1996 2393 2062 in

259 2093 519 2164 vincula
552 2095 1013 2190 conjecerant·
1044 2110 1186 2165 tum
1203 2094 1473 2216 ,praelio
1516 2096 1724 2184 facto,
1752 2099 2180 2187 remiserunt,
2219 2114 2287 2169 et
2323 2102 2392 2169 in

255 2201 543 2295 petenda
578 2226 743 2297 pace
794 2202 935 2296 ejus
984 2203 1078 2271 rei
1132 2149 1398 2297 ctilpam
1453 2204 1522 2270 in
1569 2201 2056 2273 multitudinem
2097 2205 2393 2275 contule·

257 2295 552 2396 runt⁴,et
570 2322 844 2404 propter
866 2308 1375 2403 imprudentiam
1398 2322 1474 2378 ut
1498 2312 1970 2404 ignosceretur,
1995 2312 2386 2405 petiverunt.

256 2414 480 2483 Gaesar
475 2431 787 2546 questus
833 2413 1047 2511 quod,
1076 2440 1282 2511 quum
1325 2414 1501 2485 ultro
1550 2417 1620 2484 in
1672 2417 2119 2486 continentem
2162 2416 2391 2513 legatis

255 2506 498 2592 missis⁵
522 2546 756 2617 pacem
796 2522 881 2591 ab
923 2546 992 2593 se
1039 2525 1388 2621 petissent,
1413 2519 1659 2593 bellum
1704 2524 1844 2593 sine
1895 2547 2091 2595 causa
2138 2524 2390 2595 intulis-

257 2641 424 2716 sent,
455 2630 796 2726 ignoscere
828 2630 1286 2726 imprudentiae
1337 2630 1528 2719 dixit,
1568 2630 1958 2726 obsidesque
1998 2632 2385 2728 imperavit:

254 2758 535 2828 quorum
577 2734 669 2805 illi
719 2752 976 2832 partem
1030 2739 1249 2807 statim
1300 2685 1657 2826 dederimt,
1693 2751 1984 2832 partem,
2011 2763 2091 2807 ex
2130 2737 2386 2835 longin-

254 2842 588 2934 quioribus
628 2841 788 2912 locis
816 2845 1192 2914 arcessitam
1210 2897 1230 2932 ,
1252 2845 1478 2938 paucis
1504 2844 1735 2914 diebus
1758 2869 1898 2913 sese
1921 2844 2192 2915 daturos
2218 2845 2388 2916 dixe-

253 2963 419 3018 runt.
454 2951 721 3020 Interea
754 2975 908 3020 suos
934 2951 1293 3045 remigrare
1325 2952 1394 3019 in
1415 2974 1612 3045 agros
1634 2951 2005 3044 jusserunt3
2027 2952 2387 3046 principes·

248 3144 426 3201 guntur
464 3145 516 3185 ee
535 3135 702 3202 funes.
747 3133 931 3187 Nautoe
974 3152 1157 3206 quoque
1191 3134 1279 3184 vel
1358 3151 1462 3204 que
1489 3129 1554 3185 ad
1587 3129 1853 3185 Aldinnm.
1899 3132 2263 3185 Recentiores
2270 3133 2384 3188 hzec

251 3214 418 3265 milites
455 3226 678 3265 venetam
721 3226 900 3266 vestem
943 3212 1171 3274 induunt,
1219 3224 1276 3263 ut
1356 3213 1516 3265 verba
1530 3215 1736 3264 oratoris
1749 3212 1886 3264 niodo
1899 3213 2121 3283 glossam
2140 3210 2383 3267 redolere

249 3310 339 3344 non
363 3294 515 3346 solim
537 3314 632 3365 per
654 3307 866 3356 noctem,
899 3293 987 3345 sed
1014 3294 1157 3342 etiam
1181 3311 1274 3363 per
1357 3292 1595 3345 arbitrati
1629 3290 1974 3364 expungenda
2004 3305 2288 3357 curarunt,
2316 3312 2381 3346 eo

247 3372 367 3425 diem
380 3375 587 3442 facilius
613 3375 796 3426 lateant
821 3372 987 3443 explor
960 3384 1158 3425 ratores.
1355 3372 1479 3424 freti
1520 3373 1775 3438 consilio,
1800 3370 1944 3444 quod
1976 3391 2248 3444 nunquam
2284 3373 2381 3426 ista

329 3454 382 3506 ⁵.
408 3454 613 3526 Equites
637 3473 822 3506 cursem
841 3465 1009 3505 tenere,
1030 3451 1272 3523 Intellige
1353 3451 1625 3505 locutione
1650 3453 1880 3523 legatum
1919 3450 2226 3523 designante
2254 3471 2380 3506 usus

248 3532 454 3602 equites
469 3552 598 3604 quos
613 3534 787 3587 Caesar
796 3536 1019 3604 jusserat
1031 3550 1086 3583 se
1098 3532 1270 3603 sequi,
1354 3531 1439 3584 sit.
1462 3534 1531 3584 At
1550 3550 1704 3603 grac.
1727 3532 1988 3605 interpres
2004 3532 2192 3585 habet:
2208 3531 2275 3584 τὰ
2291 3537 2375 3585 τοῦ

246 3629 294 3664 c.
330 3610 423 3665 23.
445 3612 490 3665 Ii
508 3613 712 3667 fuerant
733 3625 1037 3685 tempestate
1057 3609 1267 3682 dejecti,
1354 3612 1604 3682 Καίσαρος
1621 3612 1909 3683 ἐντάλματα
1923 3615 1986 3673 ὡς
2001 3608 2381 3680 πρίσὸυν.Ρι·ω-

248 3703 307 3744 ut
337 3709 464 3743 mox
490 3692 722 3759 videbis,
754 3711 870 3765 cap.
895 3696 987 3747 ²8.
1353 3703 1495 3743 terea
1525 3690 1638 3744 haec
1665 3690 1858 3743 addere
1886 3691 2062 3764 potuit
2085 3692 2289 3756 Caesar,
2315 3705 2376 3745 ut

323 3771 468 3841 eq,
481 3772 637 3826 XXV
641 3775 712 3827 11.
752 3790 803 3826 1.
828 3773 1036 3843 Legatos
1069 3772 1130 3823 de
1146 3790 1270 3841 pace
1353 3770 1544 3823 clarius
1565 3783 1766 3842 pateret
1773 3774 1859 3842 jus
1872 3772 2108 3841 gentium
2123 3771 2376 3824 aBritan-

245 3854 483 3906 mahemet.
517 3853 760 3906 Morinos
797 3853 907 3905 scil.
947 3851 1266 3923 quibuscum
1353 3851 1436 3901 nis
1457 3850 1513 3902 in
1534 3868 1600 3902 eo
1615 3849 1900 3903 vinciendo
1918 3851 2173 3903 violatum
2197 3850 2375 3905 fuisse.

243 3931 482 3986 Britanni
504 3932 737 3986 amicitia
752 3935 862 4004 jam
886 3929 1094 4004 pridem
1117 3942 1269 3984 erant
1353 3929 1536 3982 Nostri
1558 3927 1714 3982 codd.
1733 3931 1954 3995 habent,
1971 3942 2024 3982 et
2037 3930 2174 3983 hanc
2189 3929 2373 3983 lectio-

237 4012 437 4080 juncti,
461 4025 522 4066 ut
545 4013 709 4067 refert
734 4013 858 4066 Dio.
879 4030 1067 4076 xxxu,
1092 4010 1122 4063 5
1136 4029 1184 4064 1.
1352 4027 1474 4062 nem
1498 4010 1636 4062 bene
1663 4009 1895 4062 restituit
1933 4009 2175 4063 Oberlin.

321 4112 375 4146 π.
403 4092 585 4164 Supra.
611 4112 658 4147 c.
690 4112 781 4146 αι.
806 4092 1056 4162 Utrumq.
1087 4090 1266 4143 locum
1433 4095 1485 4152 4.
1524 4087 1853 4141 constater-uae.
1881 4091 1963 4142 Al.
1988 4091 2300 4160 conjecerunt.

241 4172 439 4227 confer.
1434 4169 1485 4222 5.
1521 4169 1661 4222 Ultro
1673 4170 1847 4239 legatis
1867 4173 2019 4221 missis
2040 4170 2169 4242 Cap.
2188 4189 2215 4223 2
2230 4189 2251 4224 1
2265 4211 2279 4224 .
2293 4203 2373 4214 --

320 4253 373 4305 3.
408 4253 639 4306 oratoris
672 4253 809 4305 modo
843 4254 1008 4324 imper.
1037 4247 1265 4302 mandata
1354 4247 1696 4303 Continentem.
1723 4249 1861 4302 Nam
1895 4249 2066 4303 Gallia
2095 4252 2372 4305 continens

231 4334 482 4399 persa-ret.
508 4334 594 4386 Ita
621 4331 776 4386 codd.
801 4346 854 4385 et
877 4329 1000 4385 edd.
1023 4343 1152 4385 vett.
1174 4349 1262 4383 us·
1348 4342 1452 4394 est,
1482 4343 1724 4401 respectu
1745 4330 2047 4384 Britannia.
