3111 5147
734 562 882 659 298
1043 565 1119 634 C.
1175 564 1455 635 JULII
1509 562 1968 634 CAESARIS
2020 560 2565 631 COMMENT.

727 697 937 765 victos
962 681 987 726 ⁴
1030 697 1252 766 Caesar
1302 694 1743 767 collocaverat
1764 749 1783 783 ,
1829 693 2189 789 AEduisque
2249 692 2644 767 attribuerat
2666 746 2687 782 ,
2734 716 2849 788 op·

726 825 1024 897 pugnare
1063 804 1343 872 instituit
1359 789 1402 870 ⁵.

833 910 916 977 X.
965 911 1280 1005 Magnam
1316 909 1458 979 haec
1486 930 1591 977 res
1627 906 1870 979 Caesari
1907 904 2363 976 difficultatem
2393 906 2478 975 ad
2508 904 2851 975 consilium

728 1014 1120 1107 capiendum
1164 1014 1524 1084 afferebat:
1573 1015 1627 1084 si
1671 1012 1988 1109 reliquam
2031 1026 2288 1108 partem
2332 1012 2566 1082 hiemis
2606 1038 2742 1082 uno
2784 1015 2851 1081 in

729 1116 879 1189 loco
922 1120 1208 1217 legiones
1243 1122 1612 1192 contineret
1629 1175 1649 1210 ,
1683 1146 1767 1190 ne
1787 1174 1808 1208 ,
1844 1119 2278 1216 stipendiariis
2303 1117 2322 1142 ¹
2351 1119 2724 1189 AEduorum
2741 1145 2850 1188 ex·

728 1229 1034 1321 pugnatis
1054 1281 1074 1315 ,
1101 1243 1343 1297 cuncta
1374 1225 1590 1297 Gallia
1626 1227 1937 1297 deficeret
1957 1280 1977 1313 ,
2006 1225 2188 1321 quod
2223 1222 2480 1294 nullum
2520 1227 2747 1295 amicis
2784 1228 2850 1294 in

727 1355 808 1400 eo
848 1333 1220 1427 praesidium
1256 1331 1545 1403 videret'
1591 1334 1879 1429 positum
1921 1357 2098 1419 esse;
2135 1334 2236 1400 sin
2278 1333 2597 1401 maturius
2634 1357 2716 1401 ex
2754 1332 2849 1401 hi·

726 1437 946 1508 bernis
976 1439 1324 1529 educeret,
1353 1465 1438 1509 ne
1455 1439 1539 1508 ab
1560 1465 1631 1509 re
1646 1440 2075 1509 frumentaria
2108 1438 2290 1508 duris
2318 1438 2849 1515 subvectionibus

727 1539 1072 1615 laboraret.
1093 1548 1412 1615 Praestare
1451 1549 1665 1616 visum
1706 1561 1806 1616 est
1848 1560 2068 1617 tamen
2096 1598 2118 1634 ,
2156 1568 2387 1614 omnes
2434 1541 2848 1613 difficultates

726 1652 1025 1745 perpeti,
1062 1676 1299 1747 quam,
1334 1667 1518 1722 tanta
1555 1652 1953 1722 contumelia
2007 1665 2322 1746 accepta,
2361 1651 2653 1720 omnium
2693 1674 2842 1719 suo·

725 1780 875 1826 rum
908 1757 1278 1828 voluntates
1309 1757 1610 1889 31ἰ8η33τε.
1646 1760 1879 1853 Itaque
1908 1757 2291 1828 cohortatus
2318 1755 2569 1826 AEduos
2591 1756 2673 1826 de
2699 1780 2843 1851 sup·

724 1862 1053 1955 portando
1109 1851 1532 1934 commeatu³
1537 1918 1559 1952 ,
1604 1866 1941 1959 praemittit
1998 1863 2082 1933 ad
2145 1864 2388 1951 Boios,
2430 1865 2545 1959 qui
2598 1861 2683 1931 de
2736 1887 2851 1931 suo

726 1967 1015 2037 adventu
1059 1969 1376 2060 doceant,
1419 1970 1945 2066 hortenturque,
1983 1984 2059 2039 ut
2097 1971 2165 2039 in
2208 1969 2338 2039 fide
2373 1983 2732 2057 maneant,
2760 1983 2850 2038 at·

725 2147 850 2203 dem
876 2150 1109 2205 nominis
1124 2151 1180 2209 in
1210 2150 1382 2205 Galli·
1409 2152 1568 2206 simul
1595 2152 1746 2207 exsti·

726 2231 916 2297 terint;
948 2245 1124 2285 tamen
1153 2251 1321 2305 quum
1348 2232 1558 2285 nullum
1584 2232 1744 2304 hujus

726 2311 959 2363 nominis
971 2311 1045 2365 ita
1055 2313 1313 2385 scriptum
1325 2312 1621 2384 reperiatur
1636 2332 1747 2366 ves-

725 2389 915 2461 tigium
943 2389 1182 2444 in'eodd.
1199 2429 1216 2457 ‚
1245 2410 1344 2444 nec
1371 2392 1426 2444 in
1455 2391 1744 2463 interprete

727 2488 898 2539 groco
912 2506 930 2537 ,
951 2472 1212 2542 conjicere
1231 2472 1363 2525 licet
1383 2471 1525 2524 istud
1548 2472 1742 2525 immu-

729 2560 897 2603 tatum
912 2589 928 2616 ,
954 2562 1112 2622 atque
1138 2551 1400 2604 intrusum
1425 2551 1500 2604 ibi
1524 2551 1686 2605 fuisse
1714 2570 1745 2606 a

729 2629 893 2681 sciolo
924 2627 1154 2700 quodam
1172 2629 1259 2682 cni
1289 2631 1437 2703 prius
1467 2628 1748 2703 displicue-

728 2707 817 2760 rit.
842 2706 975 2761 Cod.
1005 2710 1147 2761 solus
1160 2710 1338 2763 ‘vossii
1366 2710 1523 2763 babet
1553 2710 1745 2780 Ger-go·

731 2791 890 2852 niatu,
915 2787 1063 2859 qnod
1088 2807 1258 2861 prope
1285 2788 1516 2855 accedit,
1542 2803 1746 2845 mutato

729 2875 937 2920 tantum
969 2890 995 2922 v
1023 2869 1080 2921 in
1112 2888 1161 2922 n.
1202 2867 1306 2923 Sed
1333 2870 1641 2942 posterioris
1669 2883 1749 2924 est

731 2947 846 3000 aevi.
877 2946 1005 3001 Vid.
1031 2950 1230 3021 praefat.
1265 2948 1613 3023 Oudendorp.
1652 2951 1748 3004 Ast

732 3026 819 3079 alii
846 3045 1027 3081 omnes
1048 3029 1133 3082 vel
1168 3028 1434 3084 Gor-ronam
1449 3026 1543 3094 (ut
1565 3043 1748 3085 noster

735 3105 963 3176 5764‚et
973 3107 1130 3162 codd.
1147 3108 1297 3164 Leid.
1312 3129 1395 3182 pr.
1413 3112 1593 3181 Cujac.
1612 3110 1745 3166 soal.

732 3198 787 3238 et
794 3185 1011 3253 Oxon.)‚
1023 3190 1107 3241 vel
1123 3188 1475 3259 Gorgobinam,
1494 3204 1555 3243 ut
1569 3202 1747 3244 noster

736 3265 970 3335 5763,et
985 3268 1233 3338 Bongars.
1257 3270 1527 3340 antiquiss.
1545 3267 1663 3324 cod.
1680 3270 1747 3322 ab

733 3342 1081 3418 Oudendorp.
1110 3347 1377 3401 multoties
1400 3349 1589 3403 citatus
1610 3368 1627 3415 ς

732 3420 800 3477 de
816 3425 1078 3479 affirmare
1093 3427 1260 3480 ausim
1273 3445 1382 3479 non
1397 3423 1715 3499 Gergoviam
1728 3466 1746 3494 ,

730 3501 824 3556 sed
854 3501 1141 3567 Gor-ronam,
1177 3505 1259 3559 vel
1286 3505 1647 3577 Gorgobinam
1670 3507 1746 3561 le·

729 3582 963 3655 gendum
983 3603 1120 3651 esse3
1143 3598 1196 3638 et
1218 3586 1433 3639 fortasse
1460 3599 1748 3659 tiu-umque

730 3682 926 3717 nomen
957 3664 1171 3731 habuit,
1191 3666 1275 3718 vel
1301 3665 1475 3720 Cesar
1495 3666 1607 3738 ipse
1631 3685 1745 3721 cer·

730 3742 838 3797 tior
879 3746 1043 3799 factus
1087 3746 1144 3797 in
1183 3745 1464 3817 posteriori
1513 3745 1747 3800 editione

731 3818 894 3885 (nam
923 3824 1110 3897 optimi
1136 3824 1260 3878 libri
1282 3824 1425 3897 apud
1451 3827 1715 3880 Romanos
1730 3865 1747 3893 ‚

731 3915 792 3955 nt
807 3923 889 3976 ap.
906 3923 1022 3971 nos,
1035 3905 1223 3977 sapius
1236 3903 1569 3973 edebantur)
1583 3918 1747 3961 semet

731 3981 904 4054 ipsum
941 3983 1279 4050 emendavit,
1262 4004 1277 4019 ·
1322 3985 1465 4040 unde
1523 3988 1745 4041 varietas

730 4074 862 4118 orta.
905 4065 1027 4130 Quo
1049 4077 1222 4119 autem
1252 4066 1370 4120 loco
1402 4066 1562 4119 situm
1588 4067 1747 4120 fuerit

730 4139 835 4194 hoc
863 4142 1149 4217 oppidum,
1165 4163 1311 4218 oque
1325 4160 1604 4201 incertum
1645 4146 1745 4199 Alii

733 4216 915 4274 dicunt
944 4223 1181 4286 moulins,
1214 4224 1306 4278 sed
1331 4245 1441 4279 non
1469 4228 1715 4299 probant.

814 4306 865 4365 4.
887 4301 1024 4372 Qum
1041 4303 1108 4356 iba·
1123 4304 1552 4377 Helveticoproelio
1571 4309 1741 4360 victos.

1832 2154 1959 2224 Reg.
1975 2149 2095 2206 cod.
2114 2151 2266 2223 Angl.
2284 2150 2503 2215 clarui,
2517 2151 2735 2223 quodibi
2742 2151 2854 2204 Het-

1835 2236 1977 2285 ναίω
1998 2233 2175 2302 proela'o
2186 2234 2358 2284 victos.
2387 2228 2492 2283 Sed
2507 2231 2654 2285 solus
2671 2231 2851 2303 estqui

1830 2311 2254 2365 hanclectionem
2263 2308 2849 2365 exhibeat.Codd.Vou·

1831 2402 1885 2444 et
1906 2390 2038 2445 Scal.
2060 2389 2255 2445 diserte
2276 2390 2474 2443 habent
2494 2391 2743 2457 Heluetia,
2751 2407 2844 2462 pro

1831 2471 2111 2536 Helvetico,
2134 2483 2197 2524 ut
2206 2469 2268 2524 fit
2288 2488 2369 2542 ap.
2387 2483 2523 2542 optt.
2552 2471 2845 2541 scriptores.

1830 2552 2029 2605 Lucan.
2042 2569 2101 2604 vt
2103 2557 2264 2617 ,1402
2276 2550 2731 2604 Thessalioebellurit
2733 2566 2850 2642 ,pro

1838 2632 2143 2684 Thessalica
2146 2631 2413 2684 —Victos.
2426 2623 2679 2704 Bonga‘n.
2696 2631 2847 2705 prim.

1829 2714 2002 2764 victor.
2034 2712 2347 2784 Eleganter,
2379 2712 2451 2763 ait
2483 2710 2727 2764 Oberlin.

1916 2791 1968 2846 5.
2019 2791 2315 2864 oppugnare
2356 2794 2583 2844 instituit.
2614 2788 2773 2856 Quod
2806 2787 2851 2842 si

1831 2869 2006 2925 Caesar
2029 2870 2378 2943 peritissimus
2413 2869 2569 2923 nobis
2602 2871 2749 2924 visus
2776 2880 2853 2922 est

1831 2950 1889 3004 in
1921 2950 2147 3004 transitu
2172 2949 2464 3015 Cevenna,
2491 2947 2637 3002 haud
2681 2951 2850 3003 minua

1831 3031 2001 3083 alacer
2029 3042 2084 3083 et
2108 3027 2282 3082 audax
2301 3028 2708 3102 ‘Vercingetorix
2723 3068 2740 3097 ,
2761 3047 2848 3082 cu·

1827 3111 1915 3182 ju·
1934 3110 2273 3164 celerrimum
2297 3110 2400 3163 iter
2421 3106 2671 3163 adversus
2696 3109 2851 3163 Boio·

1831 3189 2131 3243 AEduorum
2155 3190 2343 3254 socios,
2357 3189 2634 3242 maximam
2660 3187 2852 3243 Conari

1832 3267 2196 3322 difficultatem
2213 3269 2404 3322 attulit.
2415 3269 2535 3334 Quo
2551 3280 2725 3320 autem
2738 3285 2850 3320 mo-

1645 3367 1747 3403 un-
1803 3383 1810 3392 ·
1832 3346 1904 3401 do
1935 3367 2045 3402 sese
2067 3347 2131 3401 ab
2157 3347 2242 3400 his
2271 3348 2516 3419 angustiis
2544 3344 2842 3417 expedivit,

1829 3428 2111 3501 paulopost
2139 3425 2323 3481 videre
2353 3428 2488 3481 licet.

1911 3508 2040 3562 Cn».
2061 3508 2129 3559 X.
2152 3524 2175 3560 1
2188 3547 2200 3559 .
2228 3506 2576 3580 Sefioendiatiis.
2596 3503 2713 3557 Hoc
2724 3503 2845 3557 loeo

1830 3598 1984 3640 vocat
2000 3587 2158 3639 Boios
2181 3586 2482 3640 AEduorum
2500 3583 2844 3656 stipendiarios,

1832 3664 1890 3719 id
1907 3679 1984 3719 est
1999 3705 2016 3731 ,
2037 3666 2313 3738 vectigales
2326 3705 2344 3733 ,
2366 3684 2534 3739 quum
2552 3678 2729 3718 tamen
2741 3665 2777 3717 l.
2791 3682 2814 3718 1
2826 3701 2846 3730 ,

1838 3747 1906 3799 28
1926 3785 1942 3811 ,
1965 3744 2161 3799 dixerit
2188 3764 2202 3799 ε
2227 3766 2431 3818 quosque
2445 3757 2616 3818 postea
2629 3748 2847 3817 hup-tren

1819 3828 1949 3897 juris
1989 3826 2310 3898 libertumque
2338 3826 2677 3887 condittbnem,
2711 3838 2846 3897 atque

1832 3909 1925 3976 ξωί
1931 3917 2083 3968 etant,
2096 3918 2377 3977 receperunt.
2389 3903 2549 3970 Quod
2560 3906 2606 3958 si
2614 3906 2688 3958 ita
2696 3905 2845 3968 fooet,

1830 3985 1934 4039 hoc
1961 3986 2080 4039 loco
2101 3986 2288 4038 melius
2314 3997 2667 4056 reponeretur
2694 3988 2845 4037 sodis.

1917 4085 1965 4119 2.
2002 4065 2216 4117 Videt-et.
2251 4065 2437 4129 Recte,
2465 4082 2530 4116 ex
2560 4064 2843 4136 interprete

1830 4163 2015 4217 graeco.
2034 4145 2085 4198 N
2085 4144 2314 4211 onnulli3
2333 4144 2595 4196 videretur.

1916 4226 1966 4279 3.
1998 4226 2078 4277 De
2106 4224 2428 4296 supportando
2469 4234 2745 4276 commeatu.
2772 4221 2846 4275 Ut

1832 4303 1935 4377 ipsi
1957 4317 2306 4360 commeatum
2325 4300 2744 4377 suppeditarent.
