<?xml version="1.0" encoding="UTF-8"?>
<!DOCTYPE html PUBLIC "-//W3C//DTD XHTML 1.0 Transitional//EN"
    "http://www.w3.org/TR/xhtml1/DTD/xhtml1-transitional.dtd">
<html xmlns="http://www.w3.org/1999/xhtml" xml:lang="en" lang="en">
 <head>
  <title>
</title>
<meta http-equiv="Content-Type" content="text/html;charset=utf-8" />
  <meta name='ocr-system' content='tesseract 3.04.00' />
  <meta name='ocr-capabilities' content='ocr_page ocr_carea ocr_par ocr_line ocrx_word'/>
</head>
<body>
  <div class='ocr_page' id='page_1' title='image "./caesaradbodices00caesgoog_0451.png"; bbox 0 0 3111 5147; ppageno 0'>
   <div class='ocr_carea' id='block_1_1' title="bbox 501 486 2465 580">
    <p class='ocr_par' dir='ltr' id='par_1_1' title="bbox 501 486 2465 580">
     <span class='ocr_line' id='line_1_1' title="bbox 501 486 2465 580; baseline 0.003 -24"><span class='ocrx_word' id='word_1_1' title='bbox 501 489 639 557; x_wconf 92' lang='lat' dir='ltr'><strong>DE</strong></span> <span class='ocrx_word' id='word_1_2' title='bbox 691 486 1037 558; x_wconf 88' lang='lat' dir='ltr'>BELLO</span> <span class='ocrx_word' id='word_1_3' title='bbox 1091 488 1582 561; x_wconf 90' lang='lat' dir='ltr'><strong>GALLICO.</strong></span> <span class='ocrx_word' id='word_1_4' title='bbox 1640 491 1831 560; x_wconf 87' lang='lat' dir='ltr'><strong>LIB.</strong></span> <span class='ocrx_word' id='word_1_5' title='bbox 1886 492 2109 562; x_wconf 84' lang='lat' dir='ltr'>VIII.</span> <span class='ocrx_word' id='word_1_6' title='bbox 2224 488 2376 580; x_wconf 75' lang='lat'><strong>413</strong></span> <span class='ocrx_word' id='word_1_7' title='bbox 2458 535 2465 542; x_wconf 91' lang='lat'>-</span> 
     </span>
    </p>
   </div>
   <div class='ocr_carea' id='block_1_2' title="bbox 161 619 2446 2419">
    <p class='ocr_par' dir='ltr' id='par_1_2' title="bbox 161 619 2397 1566">
     <span class='ocr_line' id='line_1_2' title="bbox 237 619 2381 718; baseline 0.002 -28"><span class='ocrx_word' id='word_1_8' title='bbox 237 622 381 716; x_wconf 81' lang='lat' dir='ltr'><strong>ipse</strong></span> <span class='ocrx_word' id='word_1_9' title='bbox 411 643 483 689; x_wconf 82' lang='lat' dir='ltr'><strong>se</strong></span> <span class='ocrx_word' id='word_1_10' title='bbox 526 622 761 716; x_wconf 81' lang='lat' dir='ltr'>recipit</span> <span class='ocrx_word' id='word_1_11' title='bbox 800 619 904 689; x_wconf 90' lang='lat' dir='ltr'><strong>die</strong></span> <span class='ocrx_word' id='word_1_12' title='bbox 943 646 1030 690; x_wconf 82' lang='lat' dir='ltr'><strong>xL</strong></span> <span class='ocrx_word' id='word_1_13' title='bbox 1069 621 1390 692; x_wconf 80' lang='lat' dir='ltr'><strong>Bibracte.</strong></span> <span class='ocrx_word' id='word_1_14' title='bbox 1434 623 1537 692; x_wconf 92' lang='lat' dir='ltr'><strong>Ibi</strong></span> <span class='ocrx_word' id='word_1_15' title='bbox 1572 647 1776 717; x_wconf 90' lang='lat' dir='ltr'><strong>quum</strong></span> <span class='ocrx_word' id='word_1_16' title='bbox 1810 624 1921 718; x_wconf 90' lang='lat' dir='ltr'><strong>jus</strong></span> <span class='ocrx_word' id='word_1_17' title='bbox 1963 625 2243 713; x_wconf 88' lang='lat' dir='ltr'><strong>diceret,</strong></span> <span class='ocrx_word' id='word_1_18' title='bbox 2276 628 2381 695; x_wconf 91' lang='lat' dir='ltr'><strong>Bi-</strong></span> 
     </span>
     <span class='ocr_line' id='line_1_3' title="bbox 243 726 2382 827; baseline 0.002 -31"><span class='ocrx_word' id='word_1_19' title='bbox 243 729 491 821; x_wconf 85' lang='lat' dir='ltr'><strong>turiges</strong></span> <span class='ocrx_word' id='word_1_20' title='bbox 534 726 619 796; x_wconf 91' lang='lat' dir='ltr'><strong>ad</strong></span> <span class='ocrx_word' id='word_1_21' title='bbox 661 751 814 795; x_wconf 93' lang='lat' dir='ltr'><strong>eum</strong></span> <span class='ocrx_word' id='word_1_22' title='bbox 851 726 1101 821; x_wconf 81' lang='lat' dir='ltr'><strong>legatos</strong></span> <span class='ocrx_word' id='word_1_23' title='bbox 1144 729 1447 816; x_wconf 89' lang='lat' dir='ltr'><strong>mittunt,</strong></span> <span class='ocrx_word' id='word_1_24' title='bbox 1482 729 1796 799; x_wconf 86' lang='lat' dir='ltr'><strong>auxilium</strong></span> <span class='ocrx_word' id='word_1_25' title='bbox 1841 733 2118 827; x_wconf 84' lang='lat' dir='ltr'><strong>petitum</strong></span> <span class='ocrx_word' id='word_1_26' title='bbox 2148 746 2382 803; x_wconf 88' lang='lat' dir='ltr'><strong>contra</strong></span> 
     </span>
     <span class='ocr_line' id='line_1_4' title="bbox 243 832 2384 930; baseline 0.002 -27"><span class='ocrx_word' id='word_1_27' title='bbox 243 836 572 903; x_wconf 87' lang='lat' dir='ltr'><strong>Carnutes</strong></span> <span class='ocrx_word' id='word_1_28' title='bbox 592 886 613 920; x_wconf 87' lang='lat'><strong>,</strong></span> <span class='ocrx_word' id='word_1_29' title='bbox 651 858 817 927; x_wconf 91' lang='lat' dir='ltr'><strong>quos</strong></span> <span class='ocrx_word' id='word_1_30' title='bbox 861 832 1152 903; x_wconf 87' lang='lat' dir='ltr'><strong>intulisse</strong></span> <span class='ocrx_word' id='word_1_31' title='bbox 1188 834 1432 904; x_wconf 89' lang='lat' dir='ltr'><strong>bellum</strong></span> <span class='ocrx_word' id='word_1_32' title='bbox 1471 836 1594 905; x_wconf 92' lang='lat' dir='ltr'><strong>sibi</strong></span> <span class='ocrx_word' id='word_1_33' title='bbox 1624 837 2083 930; x_wconf 84' lang='lat' dir='ltr'><strong>querebantur.</strong></span> <span class='ocrx_word' id='word_1_34' title='bbox 2120 839 2276 927; x_wconf 89' lang='lat' dir='ltr'><strong>Qua</strong></span> <span class='ocrx_word' id='word_1_35' title='bbox 2311 863 2384 906; x_wconf 88' lang='lat' dir='ltr'><strong>re</strong></span> 
     </span>
     <span class='ocr_line' id='line_1_5' title="bbox 245 940 2384 1035; baseline 0.001 -26"><span class='ocrx_word' id='word_1_36' title='bbox 245 942 510 1035; x_wconf 86' lang='lat' dir='ltr'><strong>cognita</strong></span> <span class='ocrx_word' id='word_1_37' title='bbox 534 993 554 1028; x_wconf 91' lang='lat'><strong>,</strong></span> <span class='ocrx_word' id='word_1_38' title='bbox 595 963 802 1033; x_wconf 91' lang='lat' dir='ltr'><strong>quum</strong></span> <span class='ocrx_word' id='word_1_39' title='bbox 851 964 986 1008; x_wconf 90' lang='lat' dir='ltr'><strong>non</strong></span> <span class='ocrx_word' id='word_1_40' title='bbox 1029 940 1309 1035; x_wconf 91' lang='lat' dir='ltr'><strong>amplius</strong></span> <span class='ocrx_word' id='word_1_41' title='bbox 1355 944 1421 1010; x_wconf 84' lang='lat' dir='ltr'>X</span> <span class='ocrx_word' id='word_1_42' title='bbox 1469 957 1537 1011; x_wconf 91' lang='lat' dir='ltr'><strong>et</strong></span> <span class='ocrx_word' id='word_1_43' title='bbox 1578 944 1748 1013; x_wconf 88' lang='lat' dir='ltr'>VIII</span> <span class='ocrx_word' id='word_1_44' title='bbox 1799 943 1936 1014; x_wconf 90' lang='lat' dir='ltr'><strong>dies</strong></span> <span class='ocrx_word' id='word_1_45' title='bbox 1978 947 2045 1013; x_wconf 92' lang='lat' dir='ltr'><strong>in</strong></span> <span class='ocrx_word' id='word_1_46' title='bbox 2092 944 2384 1013; x_wconf 90' lang='lat' dir='ltr'><strong>hibernis</strong></span> 
     </span>
     <span class='ocr_line' id='line_1_6' title="bbox 243 1045 2385 1142; baseline 0.001 -27"><span class='ocrx_word' id='word_1_47' title='bbox 243 1060 418 1115; x_wconf 83' lang='lat' dir='ltr'><strong>esset</strong></span> <span class='ocrx_word' id='word_1_48' title='bbox 468 1059 950 1132; x_wconf 79' lang='lat' dir='ltr'><strong>commoratus,</strong></span> <span class='ocrx_word' id='word_1_49' title='bbox 994 1045 1283 1142; x_wconf 81' lang='lat' dir='ltr'>legiones</span> <span class='ocrx_word' id='word_1_50' title='bbox 1326 1049 1494 1117; x_wconf 90' lang='lat' dir='ltr'><strong>XIV</strong></span> <span class='ocrx_word' id='word_1_51' title='bbox 1549 1063 1618 1118; x_wconf 88' lang='lat' dir='ltr'><strong>et</strong></span> <span class='ocrx_word' id='word_1_52' title='bbox 1671 1051 1770 1119; x_wconf 93' lang='lat' dir='ltr'><strong>VI</strong></span> <span class='ocrx_word' id='word_1_53' title='bbox 1827 1074 1907 1119; x_wconf 86' lang='lat' dir='ltr'><strong>ex</strong></span> <span class='ocrx_word' id='word_1_54' title='bbox 1961 1050 2269 1120; x_wconf 87' lang='lat' dir='ltr'><strong>hibernis·</strong></span> <span class='ocrx_word' id='word_1_55' title='bbox 2299 1051 2385 1118; x_wconf 85' lang='lat' dir='ltr'><strong>ab</strong></span> 
     </span>
     <span class='ocr_line' id='line_1_7' title="bbox 246 1139 2385 1246; baseline 0.001 -24"><span class='ocrx_word' id='word_1_56' title='bbox 246 1154 456 1222; x_wconf 83' lang='lat' dir='ltr'><strong>Arare</strong></span> <span class='ocrx_word' id='word_1_57' title='bbox 483 1139 782 1238; x_wconf 76' lang='lat' dir='ltr'><strong>educit⁴3</strong></span> <span class='ocrx_word' id='word_1_58' title='bbox 813 1177 974 1246; x_wconf 90' lang='lat' dir='ltr'><strong>quas</strong></span> <span class='ocrx_word' id='word_1_59' title='bbox 1013 1153 1102 1221; x_wconf 91' lang='lat' dir='ltr'><strong>ibi</strong></span> <span class='ocrx_word' id='word_1_60' title='bbox 1136 1153 1511 1238; x_wconf 86' lang='lat' dir='ltr'><strong>collocatas,</strong></span> <span class='ocrx_word' id='word_1_61' title='bbox 1542 1179 1623 1223; x_wconf 85' lang='lat' dir='ltr'><strong>ex</strong></span> <span class='ocrx_word' id='word_1_62' title='bbox 1671 1154 1944 1226; x_wconf 85' lang='lat' dir='ltr'><strong>licandae</strong></span> <span class='ocrx_word' id='word_1_63' title='bbox 1976 1159 2070 1225; x_wconf 92' lang='lat' dir='ltr'><strong>rei</strong></span> <span class='ocrx_word' id='word_1_64' title='bbox 2096 1156 2385 1226; x_wconf 85' lang='lat' dir='ltr'><strong>frumen-</strong></span> 
     </span>
     <span class='ocr_line' id='line_1_8' title="bbox 161 1260 2397 1352; baseline 0.002 -25"><span class='ocrx_word' id='word_1_65' title='bbox 161 1266 168 1282; x_wconf 90' lang='lat'><em>&#39;</em></span> <span class='ocrx_word' id='word_1_66' title='bbox 249 1260 434 1327; x_wconf 86' lang='lat' dir='ltr'><strong>tariae</strong></span> <span class='ocrx_word' id='word_1_67' title='bbox 486 1283 684 1327; x_wconf 90' lang='lat' dir='ltr'><strong>causa</strong></span> <span class='ocrx_word' id='word_1_68' title='bbox 700 1311 720 1341; x_wconf 86' lang='lat'><strong>‚</strong></span> <span class='ocrx_word' id='word_1_69' title='bbox 762 1261 1098 1352; x_wconf 80' lang='lat' dir='ltr'><strong>superiore</strong></span> <span class='ocrx_word' id='word_1_70' title='bbox 1138 1263 1615 1330; x_wconf 87' lang='lat' dir='ltr'><strong>commentario</strong></span> <span class='ocrx_word' id='word_1_71' title='bbox 1701 1261 2224 1332; x_wconf 90' lang='lat' dir='ltr'><strong>demonstratum</strong></span> <span class='ocrx_word' id='word_1_72' title='bbox 2268 1277 2397 1332; x_wconf 67' lang='lat' dir='ltr'><strong>est:</strong></span> 
     </span>
     <span class='ocr_line' id='line_1_9' title="bbox 252 1363 2396 1464; baseline 0.002 -31"><span class='ocrx_word' id='word_1_73' title='bbox 252 1366 356 1434; x_wconf 78' lang='lat' dir='ltr'><strong>Ita</strong></span> <span class='ocrx_word' id='word_1_74' title='bbox 385 1389 539 1433; x_wconf 91' lang='lat' dir='ltr'><strong>cum</strong></span> <span class='ocrx_word' id='word_1_75' title='bbox 565 1363 822 1433; x_wconf 85' lang='lat' dir='ltr'><strong>duabus</strong></span> <span class='ocrx_word' id='word_1_76' title='bbox 849 1363 1216 1460; x_wconf 85' lang='lat' dir='ltr'><strong>legionibus</strong></span> <span class='ocrx_word' id='word_1_77' title='bbox 1247 1365 1333 1435; x_wconf 88' lang='lat' dir='ltr'><strong>ad</strong></span> <span class='ocrx_word' id='word_1_78' title='bbox 1361 1367 1854 1462; x_wconf 90' lang='lat' dir='ltr'><strong>persequendos</strong></span> <span class='ocrx_word' id='word_1_79' title='bbox 1887 1372 2213 1439; x_wconf 81' lang='lat' dir='ltr'><strong>Carnutes</strong></span> <span class='ocrx_word' id='word_1_80' title='bbox 2245 1395 2396 1464; x_wconf 91' lang='lat' dir='ltr'><strong>pro-</strong></span> 
     </span>
     <span class='ocr_line' id='line_1_10' title="bbox 255 1470 2093 1566; baseline -0.001 -26"><span class='ocrx_word' id='word_1_81' title='bbox 255 1470 592 1540; x_wconf 87' lang='lat' dir='ltr'><strong>ficiscitur.</strong></span> <span class='ocrx_word' id='word_1_82' title='bbox 1624 1560 1629 1566; x_wconf 23' lang='lat'>⁸</span> <span class='ocrx_word' id='word_1_83' title='bbox 2088 1535 2093 1538; x_wconf 88' lang='lat'><strong>.</strong></span> 
     </span>
    </p>

    <p class='ocr_par' dir='ltr' id='par_1_3' title="bbox 259 1576 2446 2419">
     <span class='ocr_line' id='line_1_11' title="bbox 362 1576 2393 1675; baseline 0.001 -28"><span class='ocrx_word' id='word_1_84' title='bbox 362 1579 447 1647; x_wconf 90' lang='lat' dir='ltr'><strong>V.</strong></span> <span class='ocrx_word' id='word_1_85' title='bbox 489 1579 718 1667; x_wconf 86' lang='lat' dir='ltr'><strong>Quum</strong></span> <span class='ocrx_word' id='word_1_86' title='bbox 764 1576 940 1647; x_wconf 90' lang='lat' dir='ltr'><strong>fama</strong></span> <span class='ocrx_word' id='word_1_87' title='bbox 977 1581 1300 1649; x_wconf 83' lang='lat' dir='ltr'><strong>exercitus</strong></span> <span class='ocrx_word' id='word_1_88' title='bbox 1331 1577 1414 1648; x_wconf 90' lang='lat' dir='ltr'><strong>ad</strong></span> <span class='ocrx_word' id='word_1_89' title='bbox 1445 1577 1670 1649; x_wconf 85' lang='lat' dir='ltr'><strong>hostes</strong></span> <span class='ocrx_word' id='word_1_90' title='bbox 1702 1594 1873 1650; x_wconf 89' lang='lat' dir='ltr'><strong>esset</strong></span> <span class='ocrx_word' id='word_1_91' title='bbox 1906 1580 2192 1675; x_wconf 91' lang='lat' dir='ltr'><strong>perlata,</strong></span> <span class='ocrx_word' id='word_1_92' title='bbox 2221 1579 2393 1649; x_wconf 87' lang='lat' dir='ltr'><strong>cala·</strong></span> 
     </span>
     <span class='ocr_line' id='line_1_12' title="bbox 259 1683 2396 1788; baseline 0.001 -35"><span class='ocrx_word' id='word_1_93' title='bbox 259 1685 489 1753; x_wconf 87' lang='lat' dir='ltr'><strong>mitate</strong></span> <span class='ocrx_word' id='word_1_94' title='bbox 533 1698 933 1753; x_wconf 86' lang='lat' dir='ltr'><strong>coeterorum</strong></span> <span class='ocrx_word' id='word_1_95' title='bbox 961 1683 1142 1788; x_wconf 72' lang='lat' dir='ltr'><strong>ducti</strong></span> <span class='ocrx_word' id='word_1_96' title='bbox 1173 1687 1530 1774; x_wconf 88' lang='lat' dir='ltr'><strong>Carnutes,</strong></span> <span class='ocrx_word' id='word_1_97' title='bbox 1573 1685 1848 1755; x_wconf 86' lang='lat' dir='ltr'><strong>desertis</strong></span> <span class='ocrx_word' id='word_1_98' title='bbox 1876 1688 2036 1756; x_wconf 88' lang='lat' dir='ltr'><strong>vicis</strong></span> <span class='ocrx_word' id='word_1_99' title='bbox 2058 1685 2076 1710; x_wconf 88' lang='lat'>¹</span> <span class='ocrx_word' id='word_1_100' title='bbox 2116 1686 2396 1782; x_wconf 91' lang='lat' dir='ltr'><strong>oppidis·</strong></span> 
     </span>
     <span class='ocr_line' id='line_1_13' title="bbox 259 1790 2391 1887; baseline 0 -28"><span class='ocrx_word' id='word_1_101' title='bbox 259 1815 388 1884; x_wconf 88' lang='lat' dir='ltr'><strong>que</strong></span> <span class='ocrx_word' id='word_1_102' title='bbox 407 1844 428 1878; x_wconf 90' lang='lat'><strong>,</strong></span> <span class='ocrx_word' id='word_1_103' title='bbox 461 1814 607 1884; x_wconf 84' lang='lat' dir='ltr'><strong>quae</strong></span> <span class='ocrx_word' id='word_1_104' title='bbox 640 1790 995 1859; x_wconf 69' lang='lat' dir='ltr'><strong>tolerandae</strong></span> <span class='ocrx_word' id='word_1_105' title='bbox 1034 1791 1265 1861; x_wconf 90' lang='lat' dir='ltr'><strong>hiemis</strong></span> <span class='ocrx_word' id='word_1_106' title='bbox 1299 1815 1491 1861; x_wconf 88' lang='lat' dir='ltr'><strong>causa</strong></span> <span class='ocrx_word' id='word_1_107' title='bbox 1513 1846 1532 1877; x_wconf 91' lang='lat'>‚</span> <span class='ocrx_word' id='word_1_108' title='bbox 1559 1794 1928 1862; x_wconf 89' lang='lat' dir='ltr'><strong>constitutis</strong></span> <span class='ocrx_word' id='word_1_109' title='bbox 1956 1807 2226 1887; x_wconf 90' lang='lat' dir='ltr'><strong>repente</strong></span> <span class='ocrx_word' id='word_1_110' title='bbox 2260 1796 2391 1860; x_wconf 80' lang='lat' dir='ltr'><strong>exi·</strong></span> 
     </span>
     <span class='ocr_line' id='line_1_14' title="bbox 262 1891 2397 1993; baseline 0.001 -28"><span class='ocrx_word' id='word_1_111' title='bbox 262 1897 406 1991; x_wconf 83' lang='lat' dir='ltr'><strong>guis</strong></span> <span class='ocrx_word' id='word_1_112' title='bbox 452 1897 536 1965; x_wconf 86' lang='lat' dir='ltr'><strong>ad</strong></span> <span class='ocrx_word' id='word_1_113' title='bbox 583 1899 1034 1965; x_wconf 84' lang='lat' dir='ltr'><strong>necessitatem</strong></span> <span class='ocrx_word' id='word_1_114' title='bbox 1088 1897 1374 1967; x_wconf 64' lang='lat' dir='ltr'><strong>aedificiis</strong></span> <span class='ocrx_word' id='word_1_115' title='bbox 1394 1952 1413 1984; x_wconf 90' lang='lat'><strong>,</strong></span> <span class='ocrx_word' id='word_1_116' title='bbox 1459 1898 1874 1985; x_wconf 82' lang='lat' dir='ltr'><strong>incolebant,</strong></span> <span class='ocrx_word' id='word_1_117' title='bbox 1917 1891 2177 1993; x_wconf 87' lang='lat' dir='ltr'><strong>(nuper</strong></span> <span class='ocrx_word' id='word_1_118' title='bbox 2222 1901 2397 1967; x_wconf 91' lang='lat' dir='ltr'><strong>enim</strong></span> 
     </span>
     <span class='ocr_line' id='line_1_15' title="bbox 264 1990 2395 2100; baseline 0.001 -29"><span class='ocrx_word' id='word_1_119' title='bbox 264 2001 537 2071; x_wconf 84' lang='lat' dir='ltr'><strong>devicti²</strong></span> <span class='ocrx_word' id='word_1_120' title='bbox 560 2001 902 2097; x_wconf 85' lang='lat' dir='ltr'><strong>complura</strong></span> <span class='ocrx_word' id='word_1_121' title='bbox 921 2004 1164 2099; x_wconf 88' lang='lat' dir='ltr'><strong>oppida</strong></span> <span class='ocrx_word' id='word_1_122' title='bbox 1188 2004 1568 2073; x_wconf 84' lang='lat' dir='ltr'><strong>dimiserant</strong></span> <span class='ocrx_word' id='word_1_123' title='bbox 1581 1990 1636 2094; x_wconf 81' lang='lat'><strong>³,</strong></span> <span class='ocrx_word' id='word_1_124' title='bbox 1654 1997 1681 2094; x_wconf 90' lang='lat'><strong>)</strong></span> <span class='ocrx_word' id='word_1_125' title='bbox 1699 2004 1971 2100; x_wconf 90' lang='lat' dir='ltr'><strong>dispersi</strong></span> <span class='ocrx_word' id='word_1_126' title='bbox 1991 2005 2395 2100; x_wconf 70' lang='lat' dir='ltr'><strong>profugiunt.</strong></span> 
     </span>
     <span class='ocr_line' id='line_1_16' title="bbox 267 2111 2398 2206; baseline 0.002 -29"><span class='ocrx_word' id='word_1_127' title='bbox 267 2111 492 2178; x_wconf 86' lang='lat' dir='ltr'><strong>Caesar</strong></span> <span class='ocrx_word' id='word_1_128' title='bbox 521 2124 941 2203; x_wconf 87' lang='lat' dir='ltr'><strong>erumpentes</strong></span> <span class='ocrx_word' id='word_1_129' title='bbox 976 2135 1055 2178; x_wconf 87' lang='lat' dir='ltr'><strong>eo</strong></span> <span class='ocrx_word' id='word_1_130' title='bbox 1095 2112 1371 2178; x_wconf 81' lang='lat' dir='ltr'><strong>maxime</strong></span> <span class='ocrx_word' id='word_1_131' title='bbox 1402 2125 1699 2205; x_wconf 90' lang='lat' dir='ltr'><strong>tempore</strong></span> <span class='ocrx_word' id='word_1_132' title='bbox 1738 2113 2089 2181; x_wconf 86' lang='lat' dir='ltr'><strong>acerrimas</strong></span> <span class='ocrx_word' id='word_1_133' title='bbox 2115 2126 2398 2206; x_wconf 87' lang='lat' dir='ltr'><strong>tempes-</strong></span> 
     </span>
     <span class='ocr_line' id='line_1_17' title="bbox 269 2215 2400 2312; baseline 0.002 -29"><span class='ocrx_word' id='word_1_134' title='bbox 269 2228 674 2310; x_wconf 87' lang='lat' dir='ltr'><strong>tates,quum</strong></span> <span class='ocrx_word' id='word_1_135' title='bbox 695 2215 913 2285; x_wconf 90' lang='lat' dir='ltr'><strong>subire</strong></span> <span class='ocrx_word' id='word_1_136' title='bbox 949 2215 1185 2285; x_wconf 86' lang='lat' dir='ltr'><strong>milites</strong></span> <span class='ocrx_word' id='word_1_137' title='bbox 1222 2215 1460 2304; x_wconf 91' lang='lat' dir='ltr'><strong>nollet,</strong></span> <span class='ocrx_word' id='word_1_138' title='bbox 1483 2218 1552 2284; x_wconf 91' lang='lat' dir='ltr'><strong>in</strong></span> <span class='ocrx_word' id='word_1_139' title='bbox 1588 2217 1834 2312; x_wconf 89' lang='lat' dir='ltr'><strong>oppido</strong></span> <span class='ocrx_word' id='word_1_140' title='bbox 1858 2219 2227 2288; x_wconf 87' lang='lat' dir='ltr'><strong>Carnutum</strong></span> <span class='ocrx_word' id='word_1_141' title='bbox 2265 2220 2400 2287; x_wconf 85' lang='lat' dir='ltr'><strong>Ge-</strong></span> 
     </span>
     <span class='ocr_line' id='line_1_18' title="bbox 270 2312 2446 2419; baseline 0.001 -29"><span class='ocrx_word' id='word_1_142' title='bbox 270 2321 449 2391; x_wconf 87' lang='lat' dir='ltr'><strong>nabo</strong></span> <span class='ocrx_word' id='word_1_143' title='bbox 465 2337 681 2391; x_wconf 87' lang='lat' dir='ltr'><strong>castra</strong></span> <span class='ocrx_word' id='word_1_144' title='bbox 699 2325 920 2418; x_wconf 90' lang='lat' dir='ltr'><strong>ponit,</strong></span> <span class='ocrx_word' id='word_1_145' title='bbox 945 2337 1141 2417; x_wconf 88' lang='lat' dir='ltr'><strong>atque</strong></span> <span class='ocrx_word' id='word_1_146' title='bbox 1168 2324 1237 2390; x_wconf 90' lang='lat' dir='ltr'><strong>in</strong></span> <span class='ocrx_word' id='word_1_147' title='bbox 1262 2337 1434 2392; x_wconf 89' lang='lat' dir='ltr'><strong>tecta</strong></span> <span class='ocrx_word' id='word_1_148' title='bbox 1453 2324 1693 2417; x_wconf 89' lang='lat' dir='ltr'><strong>partim</strong></span> <span class='ocrx_word' id='word_1_149' title='bbox 1718 2321 2064 2394; x_wconf 87' lang='lat' dir='ltr'><strong>Gallorum</strong></span> <span class='ocrx_word' id='word_1_150' title='bbox 2086 2312 2133 2412; x_wconf 74' lang='lat'><strong>⁴,</strong></span> <span class='ocrx_word' id='word_1_151' title='bbox 2161 2326 2399 2419; x_wconf 90' lang='lat' dir='ltr'><strong>partim</strong></span> <span class='ocrx_word' id='word_1_152' title='bbox 2442 2317 2446 2330; x_wconf 68' lang='lat'>&#39;</span> 
     </span>
    </p>
   </div>
   <div class='ocr_carea' id='block_1_3' title="bbox 276 2529 2403 2603">
    <p class='ocr_par' dir='ltr' id='par_1_4' title="bbox 276 2529 2403 2603">
     <span class='ocr_line' id='line_1_19' title="bbox 276 2529 2403 2603; baseline 0.001 -16"><span class='ocrx_word' id='word_1_153' title='bbox 276 2531 433 2588; x_wconf 83' lang='lat' dir='ltr'><strong>codd.</strong></span> <span class='ocrx_word' id='word_1_154' title='bbox 462 2533 662 2586; x_wconf 87' lang='lat' dir='ltr'><strong>habent</strong></span> <span class='ocrx_word' id='word_1_155' title='bbox 690 2531 976 2585; x_wconf 73' lang='lat' dir='ltr'><strong>condonata.</strong></span> <span class='ocrx_word' id='word_1_156' title='bbox 1002 2529 1163 2599; x_wconf 90' lang='lat' dir='ltr'><strong>Quod</strong></span> <span class='ocrx_word' id='word_1_157' title='bbox 1188 2550 1298 2586; x_wconf 88' lang='lat' dir='ltr'><strong>non</strong></span> <span class='ocrx_word' id='word_1_158' title='bbox 1384 2551 1432 2586; x_wconf 90' lang='lat' dir='ltr'><strong>c.</strong></span> <span class='ocrx_word' id='word_1_159' title='bbox 1456 2550 1547 2603; x_wconf 86' lang='lat'><strong>9⁰·</strong></span> <span class='ocrx_word' id='word_1_160' title='bbox 1568 2532 1960 2603; x_wconf 71' lang='lat' dir='ltr'><strong>——explicandoe</strong></span> <span class='ocrx_word' id='word_1_161' title='bbox 1975 2534 2403 2601; x_wconf 53' lang='lat' dir='ltr'><strong>mist-amaria</strong></span> 
     </span>
    </p>
   </div>
   <div class='ocr_carea' id='block_1_4' title="bbox 273 2613 2409 2687">
    <p class='ocr_par' dir='ltr' id='par_1_5' title="bbox 273 2613 2409 2687">
     <span class='ocr_line' id='line_1_20' title="bbox 273 2613 2409 2687; baseline 0 -21"><span class='ocrx_word' id='word_1_162' title='bbox 273 2615 473 2687; x_wconf 78' lang='lat' dir='ltr'><strong>placuit</strong></span> <span class='ocrx_word' id='word_1_163' title='bbox 510 2613 885 2684; x_wconf 84' lang='lat' dir='ltr'><strong>interpretibus</strong></span> <span class='ocrx_word' id='word_1_164' title='bbox 924 2614 1016 2685; x_wconf 89' lang='lat' dir='ltr'><strong>qui</strong></span> <span class='ocrx_word' id='word_1_165' title='bbox 1051 2631 1300 2683; x_wconf 83' lang='lat' dir='ltr'><strong>reposue·</strong></span> <span class='ocrx_word' id='word_1_166' title='bbox 1386 2613 1662 2685; x_wconf 69' lang='lat' dir='ltr'><strong>Explicat-e</strong></span> <span class='ocrx_word' id='word_1_167' title='bbox 1692 2632 1805 2665; x_wconf 87' lang='lat' dir='ltr'><strong>rem</strong></span> <span class='ocrx_word' id='word_1_168' title='bbox 1840 2615 2264 2679; x_wconf 77' lang='lat' dir='ltr'><strong>frumentariam,</strong></span> <span class='ocrx_word' id='word_1_169' title='bbox 2292 2633 2409 2667; x_wconf 88' lang='lat' dir='ltr'><strong>mo·</strong></span> 
     </span>
    </p>
   </div>
   <div class='ocr_carea' id='block_1_5' title="bbox 275 2692 1314 3561">
    <p class='ocr_par' dir='ltr' id='par_1_6' title="bbox 275 2692 1314 3561">
     <span class='ocr_line' id='line_1_21' title="bbox 275 2692 1301 2763; baseline -0.002 -17"><span class='ocrx_word' id='word_1_170' title='bbox 275 2707 406 2747; x_wconf 86' lang='lat' dir='ltr'><strong>runt</strong></span> <span class='ocrx_word' id='word_1_171' title='bbox 440 2692 780 2753; x_wconf 79' lang='lat' dir='ltr'><strong>condonanda,</strong></span> <span class='ocrx_word' id='word_1_172' title='bbox 829 2693 989 2763; x_wconf 80' lang='lat' dir='ltr'><strong>quia,</strong></span> <span class='ocrx_word' id='word_1_173' title='bbox 1034 2692 1301 2763; x_wconf 88' lang='lat' dir='ltr'><strong>inquiunt,</strong></span> 
     </span>
     <span class='ocr_line' id='line_1_22' title="bbox 278 2770 1304 2838; baseline -0.001 -12"><span class='ocrx_word' id='word_1_174' title='bbox 278 2772 523 2826; x_wconf 86' lang='lat' dir='ltr'><strong>nondum</strong></span> <span class='ocrx_word' id='word_1_175' title='bbox 547 2784 694 2825; x_wconf 87' lang='lat' dir='ltr'><strong>erant</strong></span> <span class='ocrx_word' id='word_1_176' title='bbox 725 2770 844 2824; x_wconf 82' lang='lat' dir='ltr'><strong>data</strong></span> <span class='ocrx_word' id='word_1_177' title='bbox 863 2810 879 2838; x_wconf 88' lang='lat'><strong>‚</strong></span> <span class='ocrx_word' id='word_1_178' title='bbox 901 2770 992 2825; x_wconf 86' lang='lat' dir='ltr'><strong>sed</strong></span> <span class='ocrx_word' id='word_1_179' title='bbox 1023 2770 1229 2836; x_wconf 82' lang='lat' dir='ltr'><strong>danda;</strong></span> <span class='ocrx_word' id='word_1_180' title='bbox 1251 2785 1304 2825; x_wconf 86' lang='lat' dir='ltr'><strong>at</strong></span> 
     </span>
     <span class='ocr_line' id='line_1_23' title="bbox 286 2850 1304 2924; baseline -0.003 -19"><span class='ocrx_word' id='word_1_181' title='bbox 286 2865 367 2906; x_wconf 84' lang='lat' dir='ltr'><strong>est</strong></span> <span class='ocrx_word' id='word_1_182' title='bbox 375 2852 536 2924; x_wconf 88' lang='lat' dir='ltr'><strong>paulo</strong></span> <span class='ocrx_word' id='word_1_183' title='bbox 544 2852 788 2905; x_wconf 82' lang='lat' dir='ltr'><strong>subtilior</strong></span> <span class='ocrx_word' id='word_1_184' title='bbox 801 2852 900 2904; x_wconf 81' lang='lat' dir='ltr'><strong>ista</strong></span> <span class='ocrx_word' id='word_1_185' title='bbox 920 2850 1215 2905; x_wconf 78' lang='lat' dir='ltr'><strong>distinctio:</strong></span> <span class='ocrx_word' id='word_1_186' title='bbox 1228 2851 1304 2903; x_wconf 89' lang='lat' dir='ltr'><strong>nil</strong></span> 
     </span>
     <span class='ocr_line' id='line_1_24' title="bbox 284 2929 1307 3003; baseline -0.005 -17"><span class='ocrx_word' id='word_1_187' title='bbox 284 2933 431 2986; x_wconf 85' lang='lat' dir='ltr'><strong>enim</strong></span> <span class='ocrx_word' id='word_1_188' title='bbox 439 2929 662 3003; x_wconf 87' lang='lat' dir='ltr'><strong>impedit</strong></span> <span class='ocrx_word' id='word_1_189' title='bbox 672 2931 804 3002; x_wconf 86' lang='lat' dir='ltr'><strong>quin</strong></span> <span class='ocrx_word' id='word_1_190' title='bbox 812 2931 1091 2992; x_wconf 79' lang='lat' dir='ltr'><strong>condonata,</strong></span> <span class='ocrx_word' id='word_1_191' title='bbox 1098 2948 1307 2982; x_wconf 82' lang='lat' dir='ltr'><strong>conoes-</strong></span> 
     </span>
     <span class='ocr_line' id='line_1_25' title="bbox 285 3007 1307 3073; baseline -0.004 -7"><span class='ocrx_word' id='word_1_192' title='bbox 285 3032 344 3066; x_wconf 72' lang='lat' dir='ltr'><strong>sa</strong></span> <span class='ocrx_word' id='word_1_193' title='bbox 369 3007 601 3073; x_wconf 80' lang='lat' dir='ltr'><strong>fuerint(</strong></span> <span class='ocrx_word' id='word_1_194' title='bbox 618 3010 839 3062; x_wconf 52' lang='lat' dir='ltr'><strong>aecor-de&amp;</strong></span> <span class='ocrx_word' id='word_1_195' title='bbox 851 3008 888 3073; x_wconf 92' lang='lat'><strong>),</strong></span> <span class='ocrx_word' id='word_1_196' title='bbox 911 3008 1002 3063; x_wconf 80' lang='lat' dir='ltr'><strong>sed</strong></span> <span class='ocrx_word' id='word_1_197' title='bbox 1033 3029 1142 3063; x_wconf 90' lang='lat' dir='ltr'><strong>non</strong></span> <span class='ocrx_word' id='word_1_198' title='bbox 1166 3008 1307 3073; x_wconf 82' lang='lat' dir='ltr'><strong>data,</strong></span> 
     </span>
     <span class='ocr_line' id='line_1_26' title="bbox 286 3089 1309 3164; baseline -0.005 -19"><span class='ocrx_word' id='word_1_199' title='bbox 286 3104 343 3146; x_wconf 88' lang='lat' dir='ltr'><strong>et</strong></span> <span class='ocrx_word' id='word_1_200' title='bbox 369 3092 604 3164; x_wconf 86' lang='lat' dir='ltr'><strong>pollicita</strong></span> <span class='ocrx_word' id='word_1_201' title='bbox 637 3089 704 3143; x_wconf 83' lang='lat' dir='ltr'><strong>ad</strong></span> <span class='ocrx_word' id='word_1_202' title='bbox 744 3091 905 3143; x_wconf 83' lang='lat' dir='ltr'><strong>finem</strong></span> <span class='ocrx_word' id='word_1_203' title='bbox 936 3090 1091 3155; x_wconf 89' lang='lat' dir='ltr'><strong>belli,</strong></span> <span class='ocrx_word' id='word_1_204' title='bbox 1123 3107 1309 3161; x_wconf 88' lang='lat' dir='ltr'><strong>quem-</strong></span> 
     </span>
     <span class='ocr_line' id='line_1_27' title="bbox 291 3169 1309 3225; baseline -0.005 0"><span class='ocrx_word' id='word_1_205' title='bbox 291 3170 580 3225; x_wconf 76' lang='lat' dir='ltr'><strong>admodum</strong></span> <span class='ocrx_word' id='word_1_206' title='bbox 606 3170 721 3223; x_wconf 81' lang='lat' dir='ltr'><strong>fieri</strong></span> <span class='ocrx_word' id='word_1_207' title='bbox 752 3171 966 3223; x_wconf 79' lang='lat' dir='ltr'><strong>solebat.</strong></span> <span class='ocrx_word' id='word_1_208' title='bbox 994 3169 1163 3221; x_wconf 88' lang='lat' dir='ltr'><strong>Simili</strong></span> <span class='ocrx_word' id='word_1_209' title='bbox 1193 3187 1309 3221; x_wconf 89' lang='lat' dir='ltr'><strong>mo·</strong></span> 
     </span>
     <span class='ocr_line' id='line_1_28' title="bbox 290 3248 1311 3322; baseline -0.004 -18"><span class='ocrx_word' id='word_1_210' title='bbox 290 3250 364 3305; x_wconf 83' lang='lat' dir='ltr'><strong>do</strong></span> <span class='ocrx_word' id='word_1_211' title='bbox 379 3290 396 3317; x_wconf 91' lang='lat'><strong>,</strong></span> <span class='ocrx_word' id='word_1_212' title='bbox 411 3249 552 3322; x_wconf 86' lang='lat' dir='ltr'><strong>apud</strong></span> <span class='ocrx_word' id='word_1_213' title='bbox 584 3270 679 3302; x_wconf 76' lang='lat' dir='ltr'><strong>nos</strong></span> <span class='ocrx_word' id='word_1_214' title='bbox 702 3250 832 3302; x_wconf 87' lang='lat' dir='ltr'><strong>olim</strong></span> <span class='ocrx_word' id='word_1_215' title='bbox 852 3250 1098 3314; x_wconf 86' lang='lat' dir='ltr'><strong>memini,</strong></span> <span class='ocrx_word' id='word_1_216' title='bbox 1123 3248 1311 3300; x_wconf 76' lang='lat' dir='ltr'><strong>millies</strong></span> 
     </span>
     <span class='ocr_line' id='line_1_29' title="bbox 291 3326 1312 3384; baseline -0.005 0"><span class='ocrx_word' id='word_1_217' title='bbox 291 3333 439 3384; x_wconf 88' lang='lat' dir='ltr'><strong>mille</strong></span> <span class='ocrx_word' id='word_1_218' title='bbox 465 3330 630 3383; x_wconf 87' lang='lat' dir='ltr'><strong>millia</strong></span> <span class='ocrx_word' id='word_1_219' title='bbox 660 3331 824 3383; x_wconf 84' lang='lat' dir='ltr'><strong>franc.</strong></span> <span class='ocrx_word' id='word_1_220' title='bbox 853 3329 1073 3382; x_wconf 86' lang='lat' dir='ltr'><strong>solemni</strong></span> <span class='ocrx_word' id='word_1_221' title='bbox 1098 3326 1312 3381; x_wconf 89' lang='lat' dir='ltr'><strong>decreto</strong></span> 
     </span>
     <span class='ocr_line' id='line_1_30' title="bbox 294 3409 1314 3466; baseline -0.006 -1"><span class='ocrx_word' id='word_1_222' title='bbox 294 3411 678 3466; x_wconf 75' lang='lat' dir='ltr'><strong>conventionis</strong></span> <span class='ocrx_word' id='word_1_223' title='bbox 735 3409 1015 3462; x_wconf 81' lang='lat' dir='ltr'><strong>nationalis</strong></span> <span class='ocrx_word' id='word_1_224' title='bbox 1066 3409 1314 3460; x_wconf 79' lang='lat' dir='ltr'><strong>omnibus</strong></span> 
     </span>
     <span class='ocr_line' id='line_1_31' title="bbox 295 3487 1314 3561; baseline -0.008 -16"><span class='ocrx_word' id='word_1_225' title='bbox 295 3491 611 3545; x_wconf 77' lang='lat' dir='ltr'><strong>exercitibus</strong></span> <span class='ocrx_word' id='word_1_226' title='bbox 648 3488 951 3561; x_wconf 78' lang='lat' dir='ltr'><strong>reipublieae</strong></span> <span class='ocrx_word' id='word_1_227' title='bbox 977 3487 1173 3559; x_wconf 62' lang='lat' dir='ltr'><strong>gallica</strong></span> <span class='ocrx_word' id='word_1_228' title='bbox 1202 3506 1314 3537; x_wconf 84' lang='lat' dir='ltr'><strong>con·</strong></span> 
     </span>
    </p>
   </div>
   <div class='ocr_carea' id='block_1_6' title="bbox 298 3565 1319 3640">
    <p class='ocr_par' dir='ltr' id='par_1_7' title="bbox 298 3565 1319 3640">
     <span class='ocr_line' id='line_1_32' title="bbox 298 3565 1319 3640; baseline -0.004 -17"><span class='ocrx_word' id='word_1_229' title='bbox 298 3572 506 3632; x_wconf 64' lang='lat' dir='ltr'><strong>hanla,</strong></span> <span class='ocrx_word' id='word_1_230' title='bbox 529 3587 769 3623; x_wconf 77' lang='lat' dir='ltr'><strong>concessa</strong></span> <span class='ocrx_word' id='word_1_231' title='bbox 783 3587 882 3640; x_wconf 91' lang='lat' dir='ltr'><strong>pro</strong></span> <span class='ocrx_word' id='word_1_232' title='bbox 909 3565 1149 3621; x_wconf 85' lang='lat' dir='ltr'><strong>mercede</strong></span> <span class='ocrx_word' id='word_1_233' title='bbox 1175 3567 1319 3619; x_wconf 84' lang='lat' dir='ltr'><strong>labo-</strong></span> 
     </span>
    </p>
   </div>
   <div class='ocr_carea' id='block_1_7' title="bbox 1384 2691 2433 3638">
    <p class='ocr_par' dir='ltr' id='par_1_8' title="bbox 1388 2691 2408 2825">
     <span class='ocr_line' id='line_1_33' title="bbox 1388 2691 2408 2765; baseline 0.002 -21"><span class='ocrx_word' id='word_1_234' title='bbox 1388 2691 1518 2745; x_wconf 87' lang='lat' dir='ltr'><strong>dum</strong></span> <span class='ocrx_word' id='word_1_235' title='bbox 1553 2696 1665 2763; x_wconf 74' lang='lat' dir='ltr'><strong>ejus</strong></span> <span class='ocrx_word' id='word_1_236' title='bbox 1711 2692 2079 2765; x_wconf 69' lang='lat' dir='ltr'><strong>compar-andan</strong></span> <span class='ocrx_word' id='word_1_237' title='bbox 2119 2695 2408 2747; x_wconf 78' lang='lat' dir='ltr'><strong>faciliorem</strong></span> 
     </span>
     <span class='ocr_line' id='line_1_34' title="bbox 1389 2770 1763 2825; baseline -0.003 0"><span class='ocrx_word' id='word_1_238' title='bbox 1389 2770 1630 2825; x_wconf 81' lang='lat' dir='ltr'><strong>reddere.</strong></span> <span class='ocrx_word' id='word_1_239' title='bbox 1660 2771 1763 2824; x_wconf 76' lang='lat' dir='ltr'><strong>Oa.</strong></span> 
     </span>
    </p>

    <p class='ocr_par' dir='ltr' id='par_1_9' title="bbox 1384 2851 2418 3382">
     <span class='ocr_line' id='line_1_35' title="bbox 1474 2851 2411 2906; baseline 0.001 -1"><span class='ocrx_word' id='word_1_240' title='bbox 1474 2853 1604 2905; x_wconf 69' lang='lat' dir='ltr'><strong>Cn’.</strong></span> <span class='ocrx_word' id='word_1_241' title='bbox 1628 2852 1698 2903; x_wconf 84' lang='lat' dir='ltr'><strong>V.</strong></span> <span class='ocrx_word' id='word_1_242' title='bbox 1728 2869 1775 2903; x_wconf 90' lang='lat'><strong>1.</strong></span> <span class='ocrx_word' id='word_1_243' title='bbox 1794 2853 2010 2904; x_wconf 61' lang='grc' dir='ltr'><strong>θεων-εὶς</strong></span> <span class='ocrx_word' id='word_1_244' title='bbox 2026 2856 2163 2904; x_wconf 61' lang='lat' dir='ltr'><strong>vibis.</strong></span> <span class='ocrx_word' id='word_1_245' title='bbox 2191 2851 2411 2906; x_wconf 84' lang='lat' dir='ltr'><strong>Ouden-</strong></span> 
     </span>
     <span class='ocr_line' id='line_1_36' title="bbox 1390 2928 2408 3001; baseline -0.001 -18"><span class='ocrx_word' id='word_1_246' title='bbox 1390 2929 1544 3001; x_wconf 83' lang='lat' dir='ltr'><strong>dorp.</strong></span> <span class='ocrx_word' id='word_1_247' title='bbox 1566 2928 1848 3000; x_wconf 75' lang='lat' dir='ltr'><strong>legendum</strong></span> <span class='ocrx_word' id='word_1_248' title='bbox 1863 2929 2047 2984; x_wconf 80' lang='lat' dir='ltr'><strong>suadet</strong></span> <span class='ocrx_word' id='word_1_249' title='bbox 2059 2936 2181 2983; x_wconf 73' lang='lat' dir='ltr'><strong>vicis</strong></span> <span class='ocrx_word' id='word_1_250' title='bbox 2196 2930 2408 2994; x_wconf 72' lang='lat' dir='ltr'><strong>desertis,</strong></span> 
     </span>
     <span class='ocr_line' id='line_1_37' title="bbox 1392 3009 2414 3083; baseline 0.002 -22"><span class='ocrx_word' id='word_1_251' title='bbox 1392 3029 1587 3083; x_wconf 83' lang='lat' dir='ltr'><strong>quoeque</strong></span> <span class='ocrx_word' id='word_1_252' title='bbox 1610 3009 1870 3062; x_wconf 73' lang='lat' dir='ltr'><strong>tolerandae</strong></span> <span class='ocrx_word' id='word_1_253' title='bbox 1893 3011 2057 3061; x_wconf 71' lang='lat' dir='ltr'><strong>ln‘enais</strong></span> <span class='ocrx_word' id='word_1_254' title='bbox 2072 3029 2216 3061; x_wconf 75' lang='lat' dir='ltr'><strong>causa</strong></span> <span class='ocrx_word' id='word_1_255' title='bbox 2239 3017 2414 3065; x_wconf 81' lang='lat' dir='ltr'><strong>consti-</strong></span> 
     </span>
     <span class='ocr_line' id='line_1_38' title="bbox 1396 3086 2414 3160; baseline 0.001 -19"><span class='ocrx_word' id='word_1_256' title='bbox 1396 3100 1587 3141; x_wconf 75' lang='lat' dir='ltr'><strong>tuerant</strong></span> <span class='ocrx_word' id='word_1_257' title='bbox 1609 3086 1813 3158; x_wconf 61' lang='lat' dir='ltr'><strong>«edificia</strong></span> <span class='ocrx_word' id='word_1_258' title='bbox 1827 3128 1843 3151; x_wconf 88' lang='lat'><strong>,</strong></span> <span class='ocrx_word' id='word_1_259' title='bbox 1874 3090 1966 3141; x_wconf 85' lang='lat' dir='ltr'><strong>ubi</strong></span> <span class='ocrx_word' id='word_1_260' title='bbox 2004 3087 2289 3141; x_wconf 84' lang='lat' dir='ltr'><strong>delendum</strong></span> <span class='ocrx_word' id='word_1_261' title='bbox 2329 3110 2414 3160; x_wconf 83' lang='lat' dir='ltr'><strong>op·</strong></span> 
     </span>
     <span class='ocr_line' id='line_1_39' title="bbox 1384 3169 2416 3242; baseline 0.001 -22"><span class='ocrx_word' id='word_1_262' title='bbox 1384 3169 1610 3242; x_wconf 74' lang='lat' dir='ltr'><strong>pidisque</strong></span> <span class='ocrx_word' id='word_1_263' title='bbox 1652 3182 1704 3221; x_wconf 93' lang='lat' dir='ltr'><strong>et</strong></span> <span class='ocrx_word' id='word_1_264' title='bbox 1733 3186 1853 3221; x_wconf 84' lang='lat' dir='ltr'><strong>mox</strong></span> <span class='ocrx_word' id='word_1_265' title='bbox 1897 3169 2177 3222; x_wconf 79' lang='lat' dir='ltr'><strong>incolebant.</strong></span> <span class='ocrx_word' id='word_1_266' title='bbox 2220 3169 2416 3240; x_wconf 91' lang='lat' dir='ltr'><strong>Perpe-</strong></span> 
     </span>
     <span class='ocr_line' id='line_1_40' title="bbox 1396 3247 2418 3320; baseline 0.001 -19"><span class='ocrx_word' id='word_1_267' title='bbox 1396 3268 1509 3301; x_wconf 81' lang='lat' dir='ltr'><strong>ram</strong></span> <span class='ocrx_word' id='word_1_268' title='bbox 1532 3268 1544 3301; x_wconf 89' lang='lat'>:</span> <span class='ocrx_word' id='word_1_269' title='bbox 1565 3267 1688 3300; x_wconf 85' lang='lat' dir='ltr'><strong>nam</strong></span> <span class='ocrx_word' id='word_1_270' title='bbox 1711 3248 1870 3301; x_wconf 89' lang='lat' dir='ltr'><strong>lectio</strong></span> <span class='ocrx_word' id='word_1_271' title='bbox 1883 3247 2039 3301; x_wconf 86' lang='lat' dir='ltr'><strong>codd.</strong></span> <span class='ocrx_word' id='word_1_272' title='bbox 2065 3249 2222 3320; x_wconf 80' lang='lat' dir='ltr'><strong>plana</strong></span> <span class='ocrx_word' id='word_1_273' title='bbox 2236 3261 2312 3302; x_wconf 81' lang='lat' dir='ltr'><strong>est</strong></span> <span class='ocrx_word' id='word_1_274' title='bbox 2327 3287 2344 3315; x_wconf 87' lang='lat'><em>‚</em></span> <span class='ocrx_word' id='word_1_275' title='bbox 2363 3262 2418 3302; x_wconf 86' lang='lat' dir='ltr'><strong>et</strong></span> 
     </span>
     <span class='ocr_line' id='line_1_41' title="bbox 1397 3329 1955 3382; baseline 0 0"><span class='ocrx_word' id='word_1_276' title='bbox 1397 3329 1667 3382; x_wconf 85' lang='lat' dir='ltr'><strong>intellectu</strong></span> <span class='ocrx_word' id='word_1_277' title='bbox 1693 3329 1955 3382; x_wconf 78' lang='lat' dir='ltr'><strong>facillima.</strong></span> 
     </span>
    </p>

    <p class='ocr_par' dir='ltr' id='par_1_10' title="bbox 1401 3406 2419 3554">
     <span class='ocr_line' id='line_1_42' title="bbox 1483 3406 2419 3480; baseline -0.001 -19"><span class='ocrx_word' id='word_1_278' title='bbox 1483 3428 1535 3462; x_wconf 74' lang='lat'><strong>2.</strong></span> <span class='ocrx_word' id='word_1_279' title='bbox 1568 3409 1740 3479; x_wconf 78' lang='lat' dir='ltr'><strong>Nuper</strong></span> <span class='ocrx_word' id='word_1_280' title='bbox 1778 3413 1899 3461; x_wconf 76' lang='lat' dir='ltr'><strong>enim</strong></span> <span class='ocrx_word' id='word_1_281' title='bbox 1938 3408 2124 3461; x_wconf 72' lang='lat' dir='ltr'><strong>devt&#39;cti.</strong></span> <span class='ocrx_word' id='word_1_282' title='bbox 2153 3406 2354 3480; x_wconf 81' lang='lat' dir='ltr'><strong>Supra,</strong></span> <span class='ocrx_word' id='word_1_283' title='bbox 2378 3408 2419 3460; x_wconf 87' lang='lat' dir='ltr'><strong>l.</strong></span> 
     </span>
     <span class='ocr_line' id='line_1_43' title="bbox 1401 3505 1688 3554; baseline 0.007 -14"><span class='ocrx_word' id='word_1_284' title='bbox 1401 3505 1513 3554; x_wconf 69' lang='grc' dir='ltr'><strong>νη,</strong></span> <span class='ocrx_word' id='word_1_285' title='bbox 1540 3505 1588 3541; x_wconf 85' lang='lat' dir='ltr'><strong>c.</strong></span> <span class='ocrx_word' id='word_1_286' title='bbox 1624 3505 1688 3542; x_wconf 83' lang='lat' dir='ltr'><strong>n.</strong></span> 
     </span>
    </p>

    <p class='ocr_par' dir='ltr' id='par_1_11' title="bbox 1487 3564 2433 3638">
     <span class='ocr_line' id='line_1_44' title="bbox 1487 3564 2433 3638; baseline -0.002 -18"><span class='ocrx_word' id='word_1_287' title='bbox 1487 3569 1538 3621; x_wconf 84' lang='lat'><strong>3.</strong></span> <span class='ocrx_word' id='word_1_288' title='bbox 1555 3568 1866 3619; x_wconf 79' lang='lat' dir='ltr'><strong>Dimiserane.</strong></span> <span class='ocrx_word' id='word_1_289' title='bbox 1880 3567 2131 3619; x_wconf 64' lang='lat' dir='ltr'><strong>Dimittat-e</strong></span> <span class='ocrx_word' id='word_1_290' title='bbox 2143 3564 2433 3638; x_wconf 67' lang='lat' dir='ltr'><strong>oppidum,</strong></span> 
     </span>
    </p>
   </div>
   <div class='ocr_carea' id='block_1_8' title="bbox 296 3645 1969 3717">
    <p class='ocr_par' dir='ltr' id='par_1_12' title="bbox 296 3645 1969 3717">
     <span class='ocr_line' id='line_1_45' title="bbox 296 3645 1969 3717; baseline -0.003 -13"><span class='ocrx_word' id='word_1_291' title='bbox 296 3670 421 3704; x_wconf 84' lang='lat' dir='ltr'><strong>rum</strong></span> <span class='ocrx_word' id='word_1_292' title='bbox 449 3669 667 3703; x_wconf 83' lang='lat' dir='ltr'><strong>suorum</strong></span> <span class='ocrx_word' id='word_1_293' title='bbox 706 3650 854 3702; x_wconf 78' lang='lat' dir='ltr'><strong>fuere</strong></span> <span class='ocrx_word' id='word_1_294' title='bbox 870 3686 886 3713; x_wconf 94' lang='lat'><strong>,</strong></span> <span class='ocrx_word' id='word_1_295' title='bbox 919 3646 1013 3700; x_wconf 83' lang='lat' dir='ltr'><strong>sed</strong></span> <span class='ocrx_word' id='word_1_296' title='bbox 1048 3664 1320 3717; x_wconf 81' lang='lat' dir='ltr'><strong>nunquam</strong></span> <span class='ocrx_word' id='word_1_297' title='bbox 1403 3645 1548 3700; x_wconf 87' lang='lat' dir='ltr'><strong>idem</strong></span> <span class='ocrx_word' id='word_1_298' title='bbox 1569 3645 1715 3717; x_wconf 86' lang='lat' dir='ltr'><strong>quod</strong></span> <span class='ocrx_word' id='word_1_299' title='bbox 1739 3652 1969 3699; x_wconf 78' lang='lat' dir='ltr'><strong>amittere.</strong></span> 
     </span>
    </p>
   </div>
   <div class='ocr_carea' id='block_1_9' title="bbox 302 3725 1330 3882">
    <p class='ocr_par' dir='ltr' id='par_1_13' title="bbox 302 3725 1330 3882">
     <span class='ocr_line' id='line_1_46' title="bbox 302 3725 1321 3798; baseline -0.005 -15"><span class='ocrx_word' id='word_1_300' title='bbox 302 3727 454 3784; x_wconf 79' lang='lat' dir='ltr'><strong>data:</strong></span> <span class='ocrx_word' id='word_1_301' title='bbox 488 3729 638 3782; x_wconf 81' lang='lat' dir='ltr'><strong>aliter</strong></span> <span class='ocrx_word' id='word_1_302' title='bbox 670 3741 845 3781; x_wconf 85' lang='lat' dir='ltr'><strong>autem</strong></span> <span class='ocrx_word' id='word_1_303' title='bbox 882 3725 1024 3798; x_wconf 84' lang='lat' dir='ltr'><strong>apud</strong></span> <span class='ocrx_word' id='word_1_304' title='bbox 1057 3728 1321 3779; x_wconf 85' lang='lat' dir='ltr'><strong>Romanos</strong></span> 
     </span>
     <span class='ocr_line' id='line_1_47' title="bbox 303 3808 1330 3882; baseline -0.005 -20"><span class='ocrx_word' id='word_1_305' title='bbox 303 3811 498 3882; x_wconf 76' lang='lat' dir='ltr'><strong>quibus</strong></span> <span class='ocrx_word' id='word_1_306' title='bbox 506 3808 976 3861; x_wconf 75' lang='lat' dir='ltr'><strong>constansmosfuit</strong></span> <span class='ocrx_word' id='word_1_307' title='bbox 984 3826 1330 3870; x_wconf 78' lang='lat' dir='ltr'><strong>concessa,con-</strong></span> 
     </span>
    </p>
   </div>
   <div class='ocr_carea' id='block_1_10' title="bbox 1407 3720 2428 3877">
    <p class='ocr_par' dir='ltr' id='par_1_14' title="bbox 1407 3720 2428 3877">
     <span class='ocr_line' id='line_1_48' title="bbox 1489 3720 2424 3799; baseline 0 -20"><span class='ocrx_word' id='word_1_308' title='bbox 1489 3733 1541 3790; x_wconf 76' lang='grc'><strong>4.</strong></span> <span class='ocrx_word' id='word_1_309' title='bbox 1553 3726 1717 3799; x_wconf 80' lang='lat' dir='ltr'><strong>Atque</strong></span> <span class='ocrx_word' id='word_1_310' title='bbox 1729 3731 1780 3778; x_wconf 82' lang='grc' dir='ltr'><strong>ἰιι</strong></span> <span class='ocrx_word' id='word_1_311' title='bbox 1794 3720 2322 3797; x_wconf 71' lang='lat' dir='ltr'><strong>tectapartimGallor.‚</strong></span> <span class='ocrx_word' id='word_1_312' title='bbox 2334 3736 2424 3779; x_wconf 79' lang='lat' dir='ltr'><strong>etc.</strong></span> 
     </span>
     <span class='ocr_line' id='line_1_49' title="bbox 1407 3803 2428 3877; baseline -0.001 -19"><span class='ocrx_word' id='word_1_313' title='bbox 1407 3805 1557 3858; x_wconf 82' lang='lat' dir='ltr'><strong>Hanc</strong></span> <span class='ocrx_word' id='word_1_314' title='bbox 1587 3806 1821 3877; x_wconf 81' lang='lat' dir='ltr'><strong>phrasim</strong></span> <span class='ocrx_word' id='word_1_315' title='bbox 1864 3807 2060 3858; x_wconf 86' lang='lat' dir='ltr'><strong>mirum</strong></span> <span class='ocrx_word' id='word_1_316' title='bbox 2107 3804 2164 3858; x_wconf 87' lang='lat' dir='ltr'><strong>in</strong></span> <span class='ocrx_word' id='word_1_317' title='bbox 2205 3803 2428 3857; x_wconf 89' lang='lat' dir='ltr'><strong>modum</strong></span> 
     </span>
    </p>
   </div>
   <div class='ocr_carea' id='block_1_11' title="bbox 304 3882 2430 4042">
    <p class='ocr_par' dir='ltr' id='par_1_15' title="bbox 304 3882 2430 4042">
     <span class='ocr_line' id='line_1_50' title="bbox 304 3882 2430 3960; baseline -0.002 -18"><span class='ocrx_word' id='word_1_318' title='bbox 304 3891 488 3942; x_wconf 78' lang='lat' dir='ltr'><strong>donata</strong></span> <span class='ocrx_word' id='word_1_319' title='bbox 503 3889 569 3940; x_wconf 84' lang='lat' dir='ltr'><strong>ab</strong></span> <span class='ocrx_word' id='word_1_320' title='bbox 582 3888 899 3960; x_wconf 81' lang='lat' dir='ltr'><strong>imperatore</strong></span> <span class='ocrx_word' id='word_1_321' title='bbox 912 3887 1166 3941; x_wconf 79' lang='lat' dir='ltr'><strong>militibus</strong></span> <span class='ocrx_word' id='word_1_322' title='bbox 1185 3906 1326 3959; x_wconf 82' lang='lat' dir='ltr'><strong>egre·</strong></span> <span class='ocrx_word' id='word_1_323' title='bbox 1408 3885 1777 3938; x_wconf 82' lang='lat' dir='ltr'><strong>cruciaverunt</strong></span> <span class='ocrx_word' id='word_1_324' title='bbox 1803 3886 2022 3938; x_wconf 82' lang='lat' dir='ltr'><strong>Vossius</strong></span> <span class='ocrx_word' id='word_1_325' title='bbox 2041 3899 2092 3938; x_wconf 92' lang='lat' dir='ltr'><strong>et</strong></span> <span class='ocrx_word' id='word_1_326' title='bbox 2108 3882 2430 3938; x_wconf 79' lang='lat' dir='ltr'><strong>Oudendor-</strong></span> 
     </span>
     <span class='ocr_line' id='line_1_51' title="bbox 306 3962 2430 4042; baseline -0.002 -21"><span class='ocrx_word' id='word_1_327' title='bbox 306 3970 392 4042; x_wconf 73' lang='lat' dir='ltr'><strong>3ia</strong></span> <span class='ocrx_word' id='word_1_328' title='bbox 423 3986 546 4022; x_wconf 90' lang='lat' dir='ltr'><strong>cum</strong></span> <span class='ocrx_word' id='word_1_329' title='bbox 571 3966 678 4021; x_wconf 79' lang='lat' dir='ltr'><strong>fide</strong></span> <span class='ocrx_word' id='word_1_330' title='bbox 703 3965 950 4039; x_wconf 85' lang='lat' dir='ltr'><strong>pendere.</strong></span> <span class='ocrx_word' id='word_1_331' title='bbox 987 3968 1326 4039; x_wconf 87' lang='lat' dir='ltr'><strong>Quapropter</strong></span> <span class='ocrx_word' id='word_1_332' title='bbox 1409 3965 1717 4037; x_wconf 82' lang='lat' dir='ltr'><strong>pius‚quasi</strong></span> <span class='ocrx_word' id='word_1_333' title='bbox 1739 3983 1857 4035; x_wconf 69' lang='lat' dir='ltr'><strong>quae</strong></span> <span class='ocrx_word' id='word_1_334' title='bbox 1881 3962 2212 4018; x_wconf 75' lang='lat' dir='ltr'><strong>essetdurior</strong></span> <span class='ocrx_word' id='word_1_335' title='bbox 2228 3976 2281 4017; x_wconf 91' lang='lat' dir='ltr'><strong>et</strong></span> <span class='ocrx_word' id='word_1_336' title='bbox 2300 3983 2430 4017; x_wconf 86' lang='lat' dir='ltr'><strong>con·</strong></span> 
     </span>
    </p>
   </div>
   <div class='ocr_carea' id='block_1_12' title="bbox 307 4046 1204 4120">
    <p class='ocr_par' dir='ltr' id='par_1_16' title="bbox 307 4046 1204 4120">
     <span class='ocr_line' id='line_1_52' title="bbox 307 4046 1204 4120; baseline -0.001 -19"><span class='ocrx_word' id='word_1_337' title='bbox 307 4066 622 4120; x_wconf 83' lang='lat' dir='ltr'><strong>reponerem</strong></span> <span class='ocrx_word' id='word_1_338' title='bbox 652 4048 880 4100; x_wconf 89' lang='lat' dir='ltr'><strong>libenter</strong></span> <span class='ocrx_word' id='word_1_339' title='bbox 918 4046 1204 4100; x_wconf 80' lang='lat' dir='ltr'><strong>condonata.</strong></span> 
     </span>
    </p>
   </div>
   <div class='ocr_carea' id='block_1_13' title="bbox 391 4126 1326 4279">
    <p class='ocr_par' dir='ltr' id='par_1_17' title="bbox 391 4126 1326 4279">
     <span class='ocr_line' id='line_1_53' title="bbox 391 4126 1324 4191; baseline -0.002 -11"><span class='ocrx_word' id='word_1_340' title='bbox 391 4134 447 4191; x_wconf 71' lang='grc'><strong>4.</strong></span> <span class='ocrx_word' id='word_1_341' title='bbox 463 4128 663 4181; x_wconf 80' lang='lat' dir='ltr'><strong>Educit.</strong></span> <span class='ocrx_word' id='word_1_342' title='bbox 684 4129 786 4179; x_wconf 83' lang='lat' dir='ltr'><strong>Alii</strong></span> <span class='ocrx_word' id='word_1_343' title='bbox 802 4127 949 4179; x_wconf 68' lang='lat' dir='ltr'><strong>ducit.</strong></span> <span class='ocrx_word' id='word_1_344' title='bbox 966 4126 1146 4178; x_wconf 80' lang='lat' dir='ltr'><strong>Minus</strong></span> <span class='ocrx_word' id='word_1_345' title='bbox 1168 4138 1324 4179; x_wconf 81' lang='lat' dir='ltr'><strong>recte.</strong></span> 
     </span>
     <span class='ocr_line' id='line_1_54' title="bbox 396 4206 1326 4279; baseline 0 -18"><span class='ocrx_word' id='word_1_346' title='bbox 396 4206 448 4261; x_wconf 82' lang='lat'><strong>5.</strong></span> <span class='ocrx_word' id='word_1_347' title='bbox 472 4207 726 4279; x_wconf 55' lang='lat' dir='ltr'><strong>&amp;periore</strong></span> <span class='ocrx_word' id='word_1_348' title='bbox 753 4210 1102 4260; x_wconf 69' lang='lat' dir='ltr'><strong>commentario.</strong></span> <span class='ocrx_word' id='word_1_349' title='bbox 1127 4207 1188 4258; x_wconf 79' lang='lat'><strong>1..</strong></span> <span class='ocrx_word' id='word_1_350' title='bbox 1218 4224 1326 4270; x_wconf 76' lang='lat' dir='ltr'><strong>vn,</strong></span> 
     </span>
    </p>
   </div>
   <div class='ocr_carea' id='block_1_14' title="bbox 1414 4042 2435 4276">
    <p class='ocr_par' dir='ltr' id='par_1_18' title="bbox 1414 4042 2435 4276">
     <span class='ocr_line' id='line_1_55' title="bbox 1415 4042 2435 4098; baseline 0.001 -1"><span class='ocrx_word' id='word_1_351' title='bbox 1415 4057 1551 4097; x_wconf 89' lang='lat' dir='ltr'><strong>torta</strong></span> <span class='ocrx_word' id='word_1_352' title='bbox 1576 4045 1751 4097; x_wconf 87' lang='lat' dir='ltr'><strong>nimis.</strong></span> <span class='ocrx_word' id='word_1_353' title='bbox 1778 4047 1847 4095; x_wconf 88' lang='lat' dir='ltr'><strong>At</strong></span> <span class='ocrx_word' id='word_1_354' title='bbox 1873 4062 2053 4097; x_wconf 81' lang='lat' dir='ltr'><strong>sensus</strong></span> <span class='ocrx_word' id='word_1_355' title='bbox 2076 4044 2209 4096; x_wconf 87' lang='lat' dir='ltr'><strong>nihil</strong></span> <span class='ocrx_word' id='word_1_356' title='bbox 2233 4042 2435 4098; x_wconf 78' lang='lat' dir='ltr'><strong>deside·</strong></span> 
     </span>
     <span class='ocr_line' id='line_1_56' title="bbox 1414 4121 2435 4196; baseline 0.002 -20"><span class='ocrx_word' id='word_1_357' title='bbox 1414 4121 1638 4179; x_wconf 83' lang='lat' dir='ltr'><strong>randum</strong></span> <span class='ocrx_word' id='word_1_358' title='bbox 1666 4123 1933 4195; x_wconf 86' lang='lat' dir='ltr'><strong>relinquit.</strong></span> <span class='ocrx_word' id='word_1_359' title='bbox 1973 4124 2145 4177; x_wconf 84' lang='lat' dir='ltr'><strong>Caesar</strong></span> <span class='ocrx_word' id='word_1_360' title='bbox 2174 4122 2435 4196; x_wconf 73' lang='lat' dir='ltr'><strong>disposuit</strong></span> 
     </span>
     <span class='ocr_line' id='line_1_57' title="bbox 1415 4203 2435 4276; baseline 0.003 -20"><span class='ocrx_word' id='word_1_361' title='bbox 1415 4205 1610 4258; x_wconf 84' lang='lat' dir='ltr'><strong>milites</strong></span> <span class='ocrx_word' id='word_1_362' title='bbox 1618 4223 1737 4259; x_wconf 81' lang='lat' dir='ltr'><strong>suos</strong></span> <span class='ocrx_word' id='word_1_363' title='bbox 1744 4203 1938 4276; x_wconf 76' lang='lat' dir='ltr'><strong>partim</strong></span> <span class='ocrx_word' id='word_1_364' title='bbox 1951 4203 2149 4258; x_wconf 74' lang='lat' dir='ltr'><strong>intecta</strong></span> <span class='ocrx_word' id='word_1_365' title='bbox 2159 4203 2435 4259; x_wconf 80' lang='lat' dir='ltr'><strong>Gallorum</strong></span> 
     </span>
    </p>
   </div>
  </div>
 </body>
</html>
