3111 5147
794 564 944 654 364
1132 567 1208 637 C.
1262 565 1545 636 JULII
1603 563 2071 635 CAESARIS
2125 563 2673 632 COMMENT.

790 696 1173 769 nobilissimi
1209 700 1399 769 AEdui
1439 700 1617 795 capti
1648 697 1734 767 ad
1760 700 2089 767 Caesarem
2117 696 2611 791 perducuntur:
2644 697 2859 766 Cotus
2872 681 2923 782 ⁶,

789 804 1137 901 praefectus
1192 808 1485 900 equitum
1520 858 1541 892 ,
1583 805 1697 898 qui
1738 804 2257 873 controversiam
2307 827 2461 871 cum
2514 801 2921 872 Convictoli-

787 926 942 981 tane
971 914 1296 1009 xproximis
1333 912 1611 980 comitiis
1650 910 2019 997 habuerat3
2062 923 2129 978 et
2170 907 2535 979 Cavarillus
2559 963 2580 997 ,
2612 912 2723 1003 qui
2770 923 2921 1004 post

787 1017 1222 1088 defectionem
1251 1019 1528 1087 Litavici
1561 1015 1972 1112 pedestribus
2002 1017 2207 1110 copiis
2234 1016 2620 1111 praefuerat;
2644 1030 2713 1084 et
2740 1018 2915 1110 Epo·

788 1124 1104 1194 redorix⁷
1107 1178 1127 1214 ‚
1157 1150 1291 1219 quo
1348 1124 1517 1193 duce
1567 1138 1718 1193 ante
1765 1122 2124 1193 adventum
2183 1123 2461 1194 Caesaris
2520 1121 2719 1192 AEdui
2765 1148 2915 1192 cum

791 1232 1108 1325 Sequanis
1142 1229 1316 1299 bello
1365 1215 1904 1300 contenderant&

894 1339 1206 1407 LXVIII.
1263 1340 1516 1432 Fugato
1552 1338 1735 1407 omni
1772 1339 2066 1432 equitatu
2089 1390 2109 1424 ,
2142 1336 2647 1430 Vercingetorix
2698 1336 2914 1430 copias

790 1464 941 1512 suas
961 1497 980 1531 ,
1023 1458 1098 1513 ut
1153 1470 1275 1539 pro
1330 1445 1561 1513 castris
1619 1441 2059 1513 collocaverat
2081 1496 2099 1528 ‚
2143 1443 2443 1529 reduxit3
2487 1444 2912 1537 protinusque

789 1547 1134 1639 Alesiam¹,
1176 1549 1356 1645 quod
1398 1566 1497 1620 est
1538 1550 1858 1645 oppidum
1913 1549 2429 1619 Mandubiorum
2453 1603 2473 1636 ‚
2524 1551 2650 1618 iter
2702 1549 2910 1618 facere

792 1658 1029 1751 coepit;
1073 1657 1498 1751 celeriterque
1548 1656 2017 1752 impedimenta
2058 1681 2139 1726 ex
2181 1657 2411 1726 castris
2462 1655 2700 1743 educi,
2743 1671 2811 1725 et
2848 1680 2910 1724 se

791 1762 1100 1857 subsequi
1126 1764 1337 1856 jussit.
1365 1766 1623 1852 Caesar,
1651 1764 2131 1858 impedimentis
2164 1763 2230 1831 in
2265 1765 2639 1858 proximum
2685 1760 2908 1831 collem

792 1866 1091 1938 deductis
1111 1923 1131 1957 ,
1157 1869 1541 1964 duabusque
1571 1868 1935 1964 legionibus
1968 1869 2270 1964 praesidio
2301 1868 2540 1938 relictis
2564 1919 2584 1952 ,
2613 1883 2909 1954 secutus,

792 1988 1111 2067 quantum
1143 1975 1270 2044 diei
1302 1991 1566 2095 tempus
1595 1990 1695 2046 est
1724 2000 2027 2071 passum,
2054 1977 2315 2045 circiter
2349 1975 2557 2044 tribus
2593 1972 2907 2044 millibus'

791 2079 1081 2151 hostium
1125 2107 1208 2150 ex
1260 2084 1618 2152 novissimo
1669 2085 1928 2179 agmine
1977 2082 2375 2169 interfectis,
2413 2080 2624 2150 altero
2680 2081 2786 2150 die
2835 2080 2908 2150 ad

793 2185 1075 2257 Alesiam
1118 2203 1336 2258 castra
1370 2187 1541 2259 fecit.
1580 2193 1934 2287 Perspecto
1975 2189 2156 2259 urbis
2210 2191 2385 2272 situ,
2428 2189 2908 2319 perterritisque

793 2292 1092 2365 hostibus
1109 2349 1129 2384 ‚
1161 2295 1341 2392 quod
1368 2299 1706 2392 equitatu,
1736 2324 1871 2393 quo
1901 2297 2181 2367 maxime
2209 2280 2675 2365 confidebant³
2680 2307 2909 2383 ,erant

878 2499 932 2550 6.
960 2494 1125 2549 Coeus.
1142 2498 1212 2550 V.
1229 2515 1345 2569 sup.
1359 2535 1376 2562 ‚
1397 2497 1658 2569 33‚hujus
1670 2498 1810 2550 libri.

878 2595 932 2646 7.
959 2576 1277 2647 Eporedorix.
1290 2578 1418 2648 Ejus
1433 2575 1500 2630 de
1521 2596 1628 2649 quo
1640 2596 1813 2630 sermo

795 2667 904 2717 est,
938 2673 1052 2725 cap.
1085 2655 1341 2727 54‚pater
1353 2657 1436 2710 vel
1452 2675 1611 2722 avus,
1637 2657 1813 2729 inquit

1899 2497 2241 2552 obtruncatos
2267 2497 2425 2552 fuisse
2445 2496 2609 2562 dicit;
2631 2516 2790 2569 quem
2810 2494 2905 2548 adi.

1984 2580 2035 2633 3.
2072 2580 2183 2649 Quo
2204 2583 2406 2631 maxim
2434 2576 2752 2648 confidebant.
2788 2579 2904 2630 Res·

1898 2658 2020 2711 titui
2037 2678 2100 2711 ex
2113 2659 2314 2730 optimo
2328 2671 2509 2710 nostro
2518 2658 2643 2713 cod.
2660 2661 2725 2711 R.
2747 2660 2903 2727 5764,

795 2733 999 2787 Morus.

876 2817 932 2868 8.
952 2814 1320 2869 contenderant.
1337 2816 1419 2869 Al.
1438 2814 1809 2871 contenderunt.

1898 2750 1952 2792 et
1980 2737 2137 2791 codd.
2169 2738 2349 2809 Cujac.
2381 2737 2565 2802 Ursin,
2580 2739 2765 2808 steph.
2782 2736 2902 2790 vnl-

1896 2829 2013 2889 gata
2024 2857 2042 2881 ‚
2056 2838 2153 2890 qua
2171 2822 2372 2870 maxime
2386 2829 2528 2888 parte
2540 2822 2775 2871 eun-citus
2796 2835 2898 2868 ωι-

873 2894 1268 2950 Cu».va111.
1288 2915 1335 2949 1.
1348 2896 1581 2949 Alesiam.
1597 2897 1678 2949 Ita
1691 2897 1816 2950 scri·
1883 2897 2123 2968 fidebant.
2147 2899 2215 2949 At
2227 2898 2341 2950 hoec
2359 2910 2502 2968 parte
2530 2902 2765 2951 eut-cum
2779 2897 2901 2968 glo·-

793 2970 1030 3027 Bendum
1060 2973 1252 3031 docent
1266 2977 1419 3029 Voss.
1438 2974 1505 3029 ad
1520 2976 1811 3045 Velleium,

792 3051 830 3105 l.
865 3070 944 3119 11,
967 3073 1015 3108 c.
1047 3060 1153 3125 47;
1183 3057 1410 3109 Ursinus
1444 3056 1547 3109 hoc
1578 3057 1728 3121 loco,
1758 3069 1813 3110 et

793 3132 1089 3188 Cmubon.
1106 3134 1173 3188 ad
1190 3135 1507 3189 Strabonem
1522 3174 1538 3200 ‚
1566 3137 1601 3187 l.
1626 3154 1716 3203 ιη
1738 3136 1811 3190 ite

793 3230 1008 3285 quoque
1039 3216 1280 3268 scribunt
1322 3216 1489 3268 nostri
1525 3214 1734 3269 codices
1759 3228 1814 3270 et

796 3291 1235 3366 Oudendorpiani
1249 3313 1358 3347 non
1373 3293 1623 3356 Alesiam,
1643 3308 1703 3349 ut
1716 3296 1811 3349 ha·

792 3371 924 3424 bent
950 3373 1183 3428 velleius
1212 3373 1517 3427 Paterculus
1534 3376 1571 3426 l.
1587 3374 1730 3428 citat.
1759 3387 1812 3429 et

790 3469 989 3522 gracus
1029 3453 1289 3525 interpres
1327 3453 1544 3507 Coesaris
1578 3446 1777 3516 Ᾰλεξίσιν
1793 3491 1810 3521 ,

792 3542 849 3583 et
875 3533 1145 3585 nonnullo
1158 3530 1308 3586 editt.
1325 3533 1523 3603 prisco.
1542 3532 1810 3587 Diodorus

792 3608 997 3664 Siculus
1020 3612 1154 3665 Bibl.
1182 3614 1219 3665 l.
1244 3630 1320 3678 w,
1342 3611 1497 3666 docet
1526 3612 1810 3667 Herculem

789 3689 958 3744 κτίσαι
976 3693 1111 3745 πολιν
1087 3693 1392 3763 νιύμιγίθη,
1411 3693 1499 3747 τὴν
1518 3694 1569 3745 ὃν
1544 3695 1812 3766 νομιζομέ-

789 3788 873 3825 νην
899 3771 999 3824 ἀπὸ
1033 3793 1119 3834 της
1146 3772 1282 3826 κατὰ
1311 3772 1400 3830 τὴν
1425 3773 1659 3844 epau-ctam
1692 3771 1809 3835 ἄλης

790 3839 1027 3905 Lanam.
1050 3851 1208 3905 Unde
1232 3850 1289 3904 id
1302 3851 1563 3925 oppidum
1589 3854 1654 3907 ab
1674 3853 1811 3906 Her·

793 3929 913 3982 cule
956 3929 1072 4001 ipso
1115 3931 1391 3986 conditum
1432 3933 1594 3987 fuisse
1632 3945 1811 3986 narrat

671 4062 686 4073 ,
793 4025 858 4061 eo
894 4008 1010 4080 ipso
1049 4012 1185 4066 loco.
1213 4014 1293 4065 De
1323 4013 1429 4066 situ
1458 4013 1626 4084 ,hujus
1662 4012 1810 4066 urbis

793 4085 904 4140 vid.
932 4088 1092 4145 indic.
1121 4093 1548 4165 geographicum.

882 4186 934 4220 τι.
970 4170 1142 4224 Tribus
1164 4173 1386 4227 millibus.
1410 4174 1519 4227 Jul.
1536 4172 1810 4227 Celsus&

790 4263 888 4297 cem
919 4248 1084 4303 milli·
1105 4250 1384 4307 hominum
1407 4254 1546 4308 inter
1568 4251 1808 4309 eundum

1896 2996 2008 3031 sam
2034 2975 2292 3030 redolent.
2324 2977 2580 3031 Proeterea
2610 2973 2771 3030 codd.
2806 2977 2901 3029 fen

1901 3076 2083 3110 omnes
2109 3057 2307 3110 habent
2330 3076 2450 3128 quo,
2475 3076 2586 3109 non
2611 3077 2742 3129 qua,
2766 3058 2901 3108 nassi-

1898 3156 1969 3189 me
1993 3130 2330 3208 confidebam(
2349 3137 2549 3190 scilicet
2571 3135 2802 3200 hostes),
2826 3133 2901 3188 vel

1896 3218 2127 3269 ciet-citus
2139 3214 2419 3286 confidebat.
2436 3214 2595 3268 Unde
2608 3216 2899 3278 hoeni-ba,

1888 3309 2031 3367 parte
2041 3299 2270 3349 exercitus
2282 3296 2349 3349 ab
2361 3297 2619 3367 interpola
2624 3309 2738 3348 tore
2746 3294 2900 3348 sciolo

1894 3377 2123 3448 reposita
2152 3375 2419 3447 suspicor,
2459 3377 2543 3427 vel
2573 3374 2789 3446 margini
2818 3372 2897 3424 vel

1894 3454 2034 3509 inter
2062 3456 2250 3522 lineas,
2280 3469 2341 3508 ut
2364 3455 2556 3526 legitur
2587 3474 2673 3526 ap.
2693 3452 2806 3507 cod.
2833 3453 2892 3504 R.

1895 3554 2052 3606 supra
2077 3536 2310 3588 citatum.
2335 3533 2468 3589 cod.
2495 3535 2627 3587 alter
2658 3536 2720 3587 R.
2756 3531 2889 3603 5763

1893 3614 2083 3667 habet:
2099 3634 2218 3686 quo,
2250 3619 2457 3666 musitae
2478 3626 2649 3685 parte,
2681 3617 2892 3666 metans

1895 3693 2206 3764 confidebat.,·
2230 3708 2284 3747 et
2311 3713 2425 3751 eam
2448 3694 2891 3748 lectionemsinoe·

1894 3793 2009 3827 ram
2037 3775 2246 3846 opinor.
2275 3774 2492 3828 Graecus
2518 3774 2774 3845 interpres
2792 3770 2890 3823 vul-

1894 3867 2066 3924 gatam
2110 3855 2257 3925 sequi
2309 3851 2536 3907 videtur.
2587 3854 2772 3906 Melius
2806 3868 2890 3902 au-

1894 3945 2003 3986 tem
2043 3932 2307 3987 diceretur
2339 3952 2466 3987 cum.
2491 3929 2892 4002 oudendorpio,

1892 4017 2138 4085 equitatu,
2154 4034 2247 4086 quo
2274 4017 2529 4065 muham
2552 4027 2737 4084 partem
2759 4005 2891 4076 cufi·

1893 4093 2085 4148 debant.
2125 4093 2268 4147 Solet
2300 4094 2445 4146 euim
2474 4106 2658 4147 auctor
2685 4106 2889 4160 magna

1887 4186 2074 4244 partem
2104 4168 2196 4236 (en
2221 4170 2623 4244 gmtdepartie)
2649 4189 2779 4243 supe
2798 4185 2891 4221 ⁸·-

1891 4254 2014 4327 pius
2036 4254 2264 4327 emptica
2287 4271 2505 4327 ponere.
