3111 5147
788 504 879 577 16
1092 508 1167 576 C.
1223 507 1503 576 JULII
1559 504 2025 574 CAESARIS
2078 501 2626 572 COMMENT.

776 662 928 708 suas
983 637 1206 734 copias
1258 637 1689 707 traduxerant
1710 689 1730 724 ,
1780 650 1849 704 et
1899 637 1970 703 in
2021 634 2389 705 AEduorum
2443 632 2608 703 fines
2657 655 2887 727 perve-

774 760 1012 814 nerant
1029 799 1050 834 ,
1103 767 1464 839 eorumque
1507 766 1703 838 agros
1744 739 2252 837 populabantur.
2295 738 2493 808 AEdui
2514 791 2536 826 ,
2572 763 2780 833 quum
2823 763 2890 808 se

774 876 1022 946 suaque
1064 851 1148 918 ab
1192 852 1268 919 iis
1297 848 1648 918 defendere
1675 873 1810 916 non
1842 861 2142 942 possent,
2173 845 2421 941 legatos
2450 845 2537 914 ad
2562 847 2887 916 Caesarem

770 959 1044 1026 mittunt
1075 971 1380 1050 rogatum
1412 952 1725 1023 auxilium
1743 952 1760 978 ¹
1790 978 1807 1020 ε
1849 955 1999 1021 «ita
2024 978 2094 1022 se
2123 953 2305 1022 omni
2338 966 2635 1046 tempore
2660 951 2745 1021 de
2772 976 2886 1045 po·

769 1062 930 1157 pulo
978 1087 1257 1131 romano
1294 1063 1565 1130 meritos
1592 1059 1614 1085 ²
1654 1084 1795 1129 esse
1809 1113 1829 1148 ,
1865 1074 1943 1127 ut
1978 1083 2147 1153 pene
2186 1061 2255 1127 in
2294 1072 2655 1153 conspectu
2703 1082 2885 1128 exer·

770 1171 939 1237 citus
979 1171 1221 1255 nostri,
1260 1169 1398 1260 agri
1437 1168 1714 1253 vastari,
1744 1162 1932 1235 liberi
1968 1189 2200 1234 eorum
2238 1168 2309 1233 in
2347 1165 2732 1234 servitutem
2772 1164 2883 1234 ab·

768 1273 922 1342 duci
938 1274 1228 1369 ,oppida
1257 1274 1617 1368 expugnari
1653 1297 1789 1340 non
1814 1271 2191 1402 3debuerint.
2215 1301 2251 1337 >2
2295 1269 2549 1340 Eodem
2589 1285 2883 1366 tempore

765 1404 900 1474 quo
930 1381 1158 1469 AEdui,
1186 1380 1491 1448 Ambarri
1526 1364 1864 1473 quoque³,
1894 1379 2242 1448 necessarii
2263 1364 2385 1445 “et
2417 1379 2884 1471 consanguinei

765 1485 1163 1575 AEduorum,
1194 1489 1520 1556 Caesarem
1566 1486 1911 1553 certiorem
1964 1484 2217 1554 faciunt
2265 1507 2439 1571 sese,
2471 1481 2882 1578 depopulatis

761 1595 969 1686 agriS,
992 1618 1125 1661 non
1170 1592 1357 1661 facile
1401 1592 1486 1660 ab
1527 1590 1786 1684 oppidis
1814 1593 1951 1659 vim
1978 1590 2267 1659 hostium
2303 1589 2694 1684 prohibere.
2725 1591 2880 1659 item

758 1697 1192 1794 AllobrogeS,
1223 1699 1335 1791 qui
1390 1711 1572 1766 trans
1618 1696 2018 1766 Rhodanum
2074 1698 2256 1765 vicos
2285 1697 2880 1824 .possessionesque

756 1803 1094 1874 habebant
1107 1803 1307 1897 ,fuga
1333 1829 1402 1873 se
1431 1802 1514 1871 ad
1538 1804 1867 1871 Caesarem
1891 1803 2247 1897 recipiunt,
2266 1816 2334 1870 et
2361 1787 2878 1890 demonstrantz

757 1910 878 1977 sibi
897 1924 1189 2004 ,praeter
1231 1912 1371 2004 agri
1414 1907 1663 1997 solum,
1689 1908 1850 1977 nihil
1895 1932 2035 1977 esse
2079 1907 2325 2002 reliqui.
2374 1908 2635 1997 Quibus
2678 1908 2875 1978 rebus

756 2014 1078 2084 adductus
1136 2017 1392 2104 Coesar,
1433 2039 1569 2083 non
1625 2014 2133 2109 exspectandum
2192 2014 2314 2083 sibi
2371 2017 2638 2101 statuit,
2673 2014 2832 2084 dum
2856 2068 2875 2102 ‚

754 2122 1059 2191 omnibus
1087 2122 1368 2192 fortunis
1393 2123 1723 2191 sociorum
1749 2124 2188 2216 consumptis,
2218 2123 2287 2190 in
2315 2105 2694 2190 Santonos⁶
2729 2119 2874 2190 Hel-

751 2230 905 2297 vetii
949 2230 1383 2323 pervenirent.

855 2338 1008 2403 XII.
1055 2335 1330 2404 Flumen
1386 2350 1485 2403 est
1538 2336 1743 2423 Arar,
1779 2333 1956 2429 quod
2011 2359 2130 2430 per
2185 2333 2349 2403 fines
2390 2333 2756 2402 AEduorum
2802 2348 2871 2402 et

749 2443 1203 2536 Sequanorum
1247 2444 1313 2507 in
1343 2440 1743 2509 Rhodanum
1783 2441 1999 2509 influit
2027 2438 2390 2509 incredibili
2417 2438 2682 2509 lenitate
2709 2437 2754 2527 ¹,
2779 2442 2872 2509 ita

746 2560 822 2616 ut
863 2545 1102 2634 oculis»,
1132 2549 1201 2615 in
1244 2561 1463 2616 utram
1506 2562 1763 2642 partem
1809 2546 2004 2636 fluat,
2024 2547 2306 2642 judicari
2347 2571 2480 2616 non
2528 2546 2751 2642 possit.
2787 2546 2869 2616 Id

824 2731 953 2783 Car.
970 2731 1064 2784 xl.
1087 2749 1111 2784 1
1123 2772 1136 2784 .
1151 2732 1391 2801 Rogatum
1405 2732 1650 2784 auxilium,
1667 2730 1764 2785 His

743 2806 880 2863 adde
909 2809 1112 2862 dicentes
1125 2851 1141 2874 ‚
1164 2810 1309 2883 quod
1330 2809 1658 2865 subauditur.

828 2910 877 2942 2.
923 2890 1122 2943 Meritos
1158 2911 1269 2944 esse.
1319 2890 1405 2943 Ob
1452 2904 1763 2963 perpetuam

742 2966 905 3022 fidem
925 2988 1046 3042 erga
1067 2972 1218 3024 Rom.
1234 2987 1285 3025 v.
1310 2990 1356 3023 c.
1388 2971 1480 3035 43.
1506 2982 1560 3023 et
1587 2970 1756 3024 Strab.

739 3048 776 3101 l.
810 3068 898 3114 lv,
929 3069 983 3121 p.
1029 3070 1120 3119 9²·
1148 3051 1314 3104 Tacit.
1368 3069 1490 3103 ann.
1531 3068 1588 3102 ιι
1612 3089 1630 3117 ,
1665 3052 1757 3104 25.

1846 2735 2013 2802 guieoei
2042 2732 2335 2784 AEduorum.
2372 2731 2442 2784 At
2474 2749 2658 2784 eorum
2689 2749 2870 2785 emen-

1847 2810 1994 2863 datio
2026 2812 2332 2865 auctoritate
2364 2808 2520 2864 codd.
2550 2828 2660 2863 non
2689 2810 2869 2865 firma-

1849 2902 1954 2943 tur.
1971 2889 2204 2943 Ambarri
2211 2903 2460 2962 praterea
2472 2903 2784 2960 separantur
2803 2892 2870 2945 ab

1849 2968 2240 3036 AEduis,infra,
2262 2989 2306 3023 c.
2342 2976 2408 3033 14
2436 2987 2450 3021 :
2480 2969 2611 3042 quod
2635 2970 2864 3034 AEduos‚

1847 3050 1978 3122 quod
2000 3049 2265 3103 Ambarros
2289 3088 2304 3112 ,
2345 3061 2443 3102 etc.
2473 3049 2653 3102 Nostri
2688 3061 2866 3105 tamen

738 3129 960 3182 Eumen.
982 3148 1167 3202 paneg.
1193 3130 1465 3183 Constant.
1491 3149 1536 3182 c.
1574 3149 1623 3183 2.

823 3209 874 3262 3.
899 3210 1086 3261 Eodem
1118 3223 1420 3282 temporequo
1433 3210 1618 3271 AEdui,
1636 3209 1759 3263 Am-

740 3286 873 3338 barri
900 3307 1095 3361 quoque.
1128 3288 1279 3342 Hanc
1302 3289 1582 3341 lectionem
1609 3305 1757 3341 revo-

737 3367 968 3420 cavimus
985 3385 1049 3420 ex
1068 3367 1309 3433 Gravio,
1325 3367 1540 3420 Davisio
1564 3380 1617 3420 et
1640 3368 1754 3421 Go-

736 3444 922 3500 duino.
941 3446 1073 3512 Alii,
1091 3446 1259 3499 AEdui
1282 3447 1535 3508 Ambarri,
1566 3459 1627 3499 ut
1649 3448 1755 3500 sint

735 3526 982 3579 Ambarri
1037 3544 1159 3597 pars
1216 3526 1386 3597 aliqua
1436 3525 1752 3581 AEduorum.

733 3607 910 3672 Quam
939 3606 1219 3660 lectionem
1254 3607 1419 3659 secuti
1454 3619 1577 3660 sunt
1605 3606 1752 3661 Clar-

734 3685 855 3740 kius
874 3699 928 3738 et
948 3684 1297 3757 Oudendorp.
1322 3684 1425 3739 Sed
1442 3686 1620 3757 potior
1636 3705 1756 3740 nos·

734 3777 815 3818 tra
840 3766 999 3819 lectio
1024 3763 1278 3819 videtur:
1307 3764 1441 3819 adeo
1470 3785 1579 3819 non
1609 3767 1753 3819 enim

732 3846 989 3915 probatur
1021 3847 1304 3899 Ambarros
1346 3846 1503 3900 fuisse
1547 3858 1750 3917 partem

732 3924 1029 3979 AEduorum
1047 3964 1064 3991 ,
1086 3938 1148 3978 ut
1173 3938 1356 3979 contra
1383 3946 1447 3978 ex
1476 3926 1592 3996 ipso
1633 3925 1748 3979 Coe-

731 4017 1032 4077 armatque
1042 4006 1215 4072 Livio,
1231 4026 1283 4072 v,
1296 4006 1367 4070 34
1381 4043 1398 4072 ,
1420 4004 1749 4059 divensi—om-

733 4084 864 4136 nino
883 4084 1179 4138 videantur.
1211 4087 1317 4139 Alii
1342 4098 1522 4139 contra
1559 4085 1751 4138 tollunt

733 4180 886 4216 voces
926 4183 1018 4235 quo
1046 4165 1237 4226 AEdui,
1263 4178 1315 4216 et
1342 4165 1524 4235 legunt
1547 4183 1560 4218 τ
1591 4166 1749 4217 eodem

734 4255 936 4314 tempore
956 4243 1190 4298 Ambam·
1212 4249 1462 4297 necessarii
1480 4256 1529 4295 et
1547 4263 1750 4297 coman-

1843 3128 1999 3182 codd.
2017 3130 2126 3182 fere
2139 3128 2736 3182 omneshabentondem
2754 3143 2868 3182 tem-

1832 3227 1956 3279 pore
1964 3208 2382 3272 AEduiAmbani,
2394 3210 2862 3264 necessariiAEduor.
2949 3225 2956 3248 '-

1924 3295 1978 3352 4.
2014 3288 2296 3341 Necessarii.
2325 3288 2373 3340 Ii
2399 3292 2650 3340 necessarii
2670 3287 2863 3342 dietm-

1841 3378 1944 3430 tur,
1969 3368 2026 3418 in
2053 3385 2185 3438 quos
2212 3367 2499 3422 necessaria
2526 3367 2701 3421 officia
2730 3388 2865 3423 con·

1840 3446 2082 3499 feruntur
2106 3485 2124 3513 ,
2157 3448 2266 3500 sive
2319 3459 2537 3519 propter
2588 3450 2862 3520 cognatio-

1838 3545 1962 3578 nem
1976 3564 1994 3592 ,
2027 3525 2137 3579 sive
2177 3527 2460 3581 amicitiam
2473 3564 2491 3594 ,
2531 3526 2640 3580 sive
2675 3528 2861 3601 hospi·

1841 3605 1999 3672 tium,
2022 3617 2119 3658 etc.

1898 3685 1950 3738 5.
1966 3686 2323 3740 Demonstmnt.
2334 3686 2625 3741 Certiorem
2640 3685 2860 3752 faciunt,

1837 3777 2070 3818 narrant.
2094 3766 2204 3819 Cic.
2237 3764 2304 3819 de
2327 3766 2421 3819 Or.
2440 3767 2477 3819 l.
2504 3785 2557 3832 1,
2583 3784 2628 3819 c.
2661 3767 2750 3819 31.

1929 3849 1984 3899 6.
2025 3846 2088 3898 In
2141 3846 2394 3900 Santonos.
2447 3845 2554 3899 Alii
2602 3845 2856 3901 Santones.

1836 3925 2133 3997 Utrumque
2158 3927 2309 3979 bene.

1916 4006 2046 4059 Car.
2078 4006 2203 4058 XII.
2245 4023 2291 4057 1.
2328 4003 2605 4057 Incredibili
2642 4005 2854 4058 lenitate.

1836 4084 2003 4138 Stanti
2017 4085 2210 4138 sirnHem
2234 4081 2363 4136 dicit
2381 4082 2473 4135 Sil.
2495 4083 2613 4136 Ital.
2633 4084 2670 4137 l.
2690 4102 2779 4138 111.
2799 4104 2853 4138 v.

1840 4171 1872 4228 4
1882 4165 1912 4217 5
1925 4183 1946 4217 1
1958 4205 1971 4217 .
1988 4165 2052 4217 al.
2070 4164 2269 4225 levitate,
2287 4175 2339 4215 et
2351 4162 2768 4234 interpretantur
2777 4185 2855 4216 ce·

1838 4245 2036 4296 let-itate.
2051 4242 2190 4295 Male
2199 4279 2216 4308 ,
2229 4254 2281 4295 et
2294 4255 2477 4296 contra
2488 4255 2784 4314 expertum.

3071 582 3078 591 -
3039 0 3078 561 a——u—-u—-n-ffl
