3111 5147
662 537 809 608 260

972 537 1047 604 C.
1102 532 1383 602 JULII
1439 529 1903 600 CAESARIS
1957 528 2504 598 COMMENT.

761 670 913 738 XX.
983 667 1152 754 Quae
1220 664 1513 732 civitates
1582 661 1991 731 commodius
2055 684 2242 730 suam
2306 657 2777 756 rempublicam

656 775 1112 846 administrare
1171 772 1625 839 existimantur
1643 821 1663 855 ,
1704 768 1953 836 habent
2006 766 2257 861 legibus
2313 782 2615 836 sanctum
2642 764 2687 853 ¹,
2728 768 2779 835 si

658 883 804 977 quis
840 878 997 974 quid
1032 878 1114 946 de
1156 873 1533 969 republica²
1571 898 1608 941 a
1642 872 1933 942 finitimis
1968 897 2234 942 rumore
2262 897 2340 943 ac
2386 873 2564 942 fama
2595 896 2780 941 acce·

659 989 869 1082 perit,
904 986 1003 1054 uti
1058 982 1143 1051 ad
1193 984 1648 1074 magistratum
1697 979 1989 1065 deferat3
2036 1003 2203 1047 neve
2259 1004 2411 1048 cum
2467 1004 2602 1073 quo
2643 977 2829 1047 'alio'

659 1092 1142 1175 communicet3
1175 1086 1353 1180 quod
1396 1110 1567 1180 saepe
1594 1084 1894 1156 homines
1924 1088 2304 1155 temerarios
2339 1100 2535 1180 atque
2576 1088 2782 1179 impe·

658 1203 820 1270 ritos
838 1184 860 1221 ³
907 1194 1082 1265 falsis
1125 1192 1501 1262 rumoribus
1553 1193 1825 1279 terreri,
1856 1205 1923 1260 et
1962 1191 2046 1259 ad
2090 1190 2342 1259 facinus
2384 1190 2678 1285 impelli,
2720 1205 2789 1260 et

658 1305 743 1374 de
784 1303 1057 1372 summis
1101 1299 1296 1369 rebus
1339 1296 1685 1368 consilium
1727 1322 1963 1393 capere
1999 1300 2336 1392 cognitum
2381 1312 2497 1366 est.
2536 1299 2784 1392 Magis-

657 1424 871 1481 tratus
891 1462 911 1497 ,
952 1430 1098 1501 quae
1156 1406 1296 1474 visa
1351 1420 1544 1491 sunt,
1584 1403 1958 1492 occultant3
1998 1428 2271 1498 quaeque
2327 1428 2469 1472 esse
2522 1428 2606 1472 ex
2659 1428 2782 1515 usu

653 1514 1131 1649 judicaverint,
1166 1509 1565 1580 multitudini
1602 1510 1933 1604 produnt:
1980 1511 2063 1579 de
2105 1508 2470 1605 republica,
2512 1511 2639 1580 nisi
2667 1492 2787 1605 pei·

658 1604 1053 1693 concilium⁴
1069 1617 1292 1712 ,loqui
1333 1642 1469 1686 non
1505 1616 1905 1686 conceditur.

768 1728 956 1797 XXI.
991 1726 1306 1794 Germani
1341 1722 1625 1791 multum
1660 1723 1743 1790 ab
1769 1722 1896 1791 hac
1931 1721 2402 1792 consuetudine
2431 1721 2779 1791 differunt:

661 1859 820 1905 nam
867 1854 1079 1925 neque
1116 1829 1403 1899 Druides
1442 1829 1695 1899 habent
1712 1828 1759 1916 ¹,
1792 1832 1907 1923 qui
1948 1829 2145 1898 rebus
2181 1829 2416 1899 divinis
2452 1830 2721 1924 praesint
2737 1827 2785 1916 '3

1475 1968 1532 2007 Χ

663 2032 797 2087 dum
825 2032 935 2086 visa
960 2041 1040 2083 est
1058 2029 1172 2083 hoc
1197 2047 1300 2082 vox
1320 2032 1467 2101 justis
1486 2032 1680 2099 ,βακή-

666 2114 773 2180 bus,
786 2128 952 2184 quum
949 2114 1086 2181 sustu
1100 2110 1412 2182 plerumque
1421 2114 1678 2183 exsequias,

665 2194 854 2246 funera
872 2193 989 2263 ipsa
1003 2189 1300 2261 significent
1329 2208 1343 2242 τ
1375 2189 1521 2243 unde
1550 2190 1686 2244 Hot-

669 2291 857 2325 manus
871 2289 1056 2324 vocem
1060 2270 1314 2338 funeribus
1325 2308 1341 2337 ,
1361 2289 1461 2342 pro
1491 2271 1683 2342 glosse-

666 2364 807 2406 mate
834 2352 993 2404 habet
1006 2388 1023 2417 ,
1054 2362 1107 2403 et
1131 2349 1358 2421 Scaliger
1381 2369 1482 2421 pro
1509 2353 1686 2413 suneri-

667 2433 755 2484 bus
799 2433 914 2483 vult
953 2429 1235 2499 funebribus
1259 2448 1277 2495 ς
1314 2441 1368 2481 et
1416 2429 1686 2482 Mamilius

667 2509 913 2564 emendat
934 2508 1350 2575 mixtissuneribus
1374 2510 1574 2576 conserti
1586 2529 1686 2560 cre-

671 2604 874 2643 mantur.
908 2590 1021 2659 Ego
1063 2606 1190 2640 vero
1238 2588 1374 2639 nihil
1406 2601 1557 2640 muto
1572 2625 1588 2654 ,
1635 2601 1689 2642 et

674 2671 998 2741 interpretor
1011 2670 1159 2737 justis
1178 2703 1194 2730 ‚
1211 2664 1269 2719 id
1300 2678 1406 2732 est,
1440 2670 1691 2740 νομιζομέ-

669 2770 764 2810 νοις
782 2787 797 2814 ,
818 2747 1063 2818 legitimis
1057 2746 1336 2814 funeribus3
1355 2765 1471 2817 quae
1495 2746 1689 2814 Statio,

674 2828 844 2882 Theb.
866 2845 913 2880 11
929 2864 945 2891 ,
968 2819 1222 2878 dicuntur
1240 2829 1379 2896 justa
1405 2828 1687 2898 exequialia.

753 2909 883 2961 Cn.
915 2906 1036 2958 XX.
1068 2924 1111 2958 1.
1141 2904 1383 2958 Sanctam.
1403 2905 1687 2960 Sancitum.

759 3007 809 3040 ι.
826 2986 884 3039 Si
905 2989 1008 3058 quis
1025 2984 1211 3058 quidde
1225 2979 1481 3055 republica,
1494 2998 1583 3038 etc.
1599 2986 1690 3038 Sa·

674 3066 1000 3139 pientissima
1017 3065 1101 3117 lex
1117 3065 1247 3130 lata,
1274 3077 1328 3117 et
1353 3067 1691 3136 justissimam

677 3148 748 3199 ob
784 3163 992 3199 causam
1006 3182 1024 3208 ,
1047 3162 1206 3216 quam
1241 3145 1417 3198 statim
1468 3145 1693 3215 explicat

674 3238 854 3279 noster
864 3264 879 3290 ,
893 3242 1155 3296 quamque
1170 3221 1328 3275 velim
1339 3224 1534 3277 nostris
1549 3243 1691 3279 nunc

671 3306 876 3376 legibus
889 3303 1046 3356 inseri
1062 3340 1078 3367 ,
1103 3301 1234 3355 cur?
1262 3321 1371 3354 non
1393 3301 1530 3355 dico.

761 3386 812 3436 3.
846 3384 1107 3454 Imperitos.
1142 3382 1355 3434 Graecus
1383 3382 1643 3453 interpres
1668 3401 1681 3438 :

678 3466 901 3533 ἀπείρους
920 3463 1248 3533 πραγμάτων.
1263 3460 1519 3513 Nonnulli
1529 3461 1684 3516 codd.

679 3544 750 3596 ob
778 3538 1124 3611 Oudendorp.
1150 3540 1295 3592 citati
1321 3540 1520 3593 habent
1542 3545 1690 3612 impe·

677 3623 830 3683 ditos,
852 3619 908 3673 id
946 3633 1047 3684 est,
1079 3619 1186 3672 suis
1235 3638 1499 3693 quemque
1533 3622 1692 3676 rebus

678 3712 960 3772 occupatos
973 3738 990 3766 ,
1024 3713 1077 3752 et
1115 3719 1222 3753 non
1273 3714 1468 3755 attente
1518 3704 1690 3756 consi-

679 3779 921 3834 derantes
957 3780 1146 3833 falsum
1172 3799 1457 3834 rumorem.
1511 3781 1692 3836 Nostri

681 3872 856 3914 tamen
877 3858 1031 3914 codd.
1060 3864 1311 3932 imperitos.
1347 3861 1436 3914 Nil
1473 3874 1659 3915 mutes.

760 3947 814 4005 4.
840 3943 918 3993 De
935 3960 1030 4012 rep.
1057 3944 1247 4012 nisiper
1262 3942 1524 3993 concilium.
1544 3946 1693 3994 Tem·

678 4039 808 4092 pore
834 4014 1069 4084 concilii,
1085 4018 1216 4074 dum
1254 4021 1538 4075 concilium
1563 4021 1694 4073 cele·

678 4098 880 4165 braturg
897 4100 954 4152 in
974 4100 1216 4153 concilio,
1235 4099 1321 4154 Sic
1330 4100 1470 4173 apud
1479 4101 1621 4154 Suet.
1635 4100 1693 4152 in

683 4176 811 4230 Coes.
831 4196 876 4230 c.
895 4181 993 4232 80:
1009 4179 1237 4233 Cunctati
1251 4194 1463 4233 unumne
1488 4181 1621 4232 illum
1646 4182 1695 4232 in

680 4274 844 4327 cam
871 4275 961 4327 per
984 4261 1176 4313 comitia
1209 4281 1235 4313 e
1254 4271 1399 4333 ponte
1423 4258 1691 4331 dejicerent.

1768 2032 1902 2086 Du.
1917 2031 2014 2086 Gr.
2035 2031 2130 2085 int.
2150 2033 2198 2084 iv
2216 2038 2279 2101 τῇ
2301 2033 2545 2102 πολιτιίᾳ.
2560 2031 2649 2086 Sic
2662 2029 2786 2085 alibi

1766 2112 1989 2183 passim:
2005 2130 2098 2182 per
2127 2123 2356 2182 tempora,
2380 2131 2471 2182 per
2494 2114 2705 2165 hiemem.

1848 2192 1977 2244 Cn.
1997 2191 2146 2243 xxl.
2177 2209 2221 2244 1.
2251 2191 2382 2246 Nam
2404 2210 2550 2265 neque
2575 2191 2787 2243 Druides

1770 2271 1958 2323 habent.
1978 2271 2057 2323 Ex
2078 2289 2142 2323 eo
2169 2269 2313 2342 quod
2340 2271 2443 2325 hoc
2464 2273 2584 2326 1000
2612 2272 2789 2325 Cesar

1769 2350 1924 2416 dicit,
1949 2370 2094 2422 neque
2112 2350 2323 2402 Druides
2343 2351 2535 2413 habent,
2566 2350 2782 2403 minime

1770 2428 2122 2501 colligendum
2156 2441 2238 2483 est
2266 2430 2553 2483 Germanos
2584 2429 2782 2500 absque

1770 2508 2023 2581 religione
2071 2522 2125 2562 et
2168 2509 2523 2563 sacerdotibus
2560 2509 2784 2581 quibus·

1772 2606 2001 2661 cumque
2040 2591 2203 2644 vitam
2240 2591 2363 2644 feris
2390 2591 2609 2643 omnino
2638 2590 2789 2643 simi-

1771 2668 1877 2721 lem
1900 2667 2126 2739 degisse,
2142 2688 2314 2741 neque
2340 2670 2532 2723 Caesari
2548 2682 2786 2768 oportet,

1772 2761 1834 2800 ut
1861 2749 2109 2801 Cluverio
2134 2743 2364 2820 placuit(
2378 2749 2560 2802 Germ.
2583 2750 2619 2803 l.
2648 2769 2671 2802 1
2688 2788 2706 2815 ,
2737 2770 2787 2804 c.

1779 2848 1808 2880 ι
1820 2848 1846 2881 2
1864 2825 1885 2892 )
1901 2828 2223 2899 negligentia!
2234 2868 2249 2893 ‚
2270 2841 2362 2881 aut
2376 2830 2597 2883 inscitiae
2608 2843 2790 2883 notam

1774 2907 2001 2960 inurere.
2032 2909 2188 2961 Certe
2217 2906 2447 2962 Druides
2481 2929 2595 2962 non
2627 2909 2794 2965 habe-

1773 2987 1903 3039 bant
1925 2986 2194 3054 Germani,
2214 2988 2268 3040 in
2290 3007 2353 3040 eo
2366 3007 2543 3055 sensu,
2568 3009 2681 3061 quo
2697 2990 2792 3044 de-

1776 3066 2079 3118 scribuntur
2098 3066 2243 3148 'apud
2269 3080 2540 3136 nostrum,
2558 3090 2604 3123 c.
2645 3071 2712 3124 13
2738 3083 2794 3124 et

1782 3151 1846 3208 14
1866 3145 2022 3218 hujus
2038 3137 2185 3212 libri,
2204 3147 2313 3200 scil.
2330 3150 2497 3219 gentis
2522 3150 2795 3222 principes

1776 3236 1830 3278 et
1844 3226 1998 3296 plane
2013 3226 2153 3297 regia
2170 3239 2425 3298 potestate
2440 3226 2680 3293 donatos3
2694 3228 2791 3282 sed

1775 3305 2039 3358 habebant
2068 3304 2510 3371 sacerdotes,imo
2542 3307 2605 3357 l
2595 3307 2787 3360 ellada:

1776 3396 1831 3436 et
1859 3384 2119 3447 Aurinias,
2140 3399 2269 3439 teste
2281 3387 2459 3438 Tacito
2472 3424 2489 3452 ‚
2519 3384 2657 3438 Hist.
2694 3406 2753 3439 lv
2767 3426 2789 3452 ‚

1780 3467 1844 3517 61
1868 3500 1884 3529 ,
1915 3465 2015 3528 653
2047 3476 2101 3516 et
2128 3466 2202 3518 M.
2233 3466 2409 3520 Germ.
2434 3484 2479 3519 c.
2515 3467 2569 3518 8.
2602 3466 2791 3532 Quum

1776 3543 1918 3595 enim
1947 3544 2152 3610 Solem,
2176 3546 2473 3599 Vulcanum
2499 3557 2553 3598 et
2580 3546 2793 3600 Lunam

1775 3622 2036 3690 colerent,
2062 3626 2343 3678 nonnullos
2367 3637 2506 3679 certe
2538 3625 2682 3697 apud
2704 3645 2794 3680 eos

1775 3702 1934 3756 fuisse
1983 3702 2301 3759 crediderim.
2321 3744 2339 3773 ,
2370 3707 2462 3777 qui
2508 3707 2796 3759 numinum

1775 3781 2120 3837 colendorum
2149 3786 2311 3838 ritum
2339 3797 2394 3839 et
2422 3803 2667 3838 normam
2693 3783 2793 3837 do·
2824 3805 2827 3808 ¹

1776 3876 1982 3928 cerem,
2000 3860 2092 3917 sed
2117 3864 2310 3936 absque
2335 3865 2435 3918 alia
2465 3865 2789 3918 auctoritate.

1860 3962 1911 3996 ι.
1940 3943 2043 4013 Qui
2064 3944 2199 3996 rebus
2218 3944 2389 3997 divinis
2406 3948 2629 4015 proesint.
2650 3945 2716 3997 Et
2736 3943 2793 3998 id

1777 4041 1883 4076 non
1929 4019 2163 4076 absolute
2212 4023 2605 4096 accipiendum:
2636 4043 2794 4090 nam,

1780 4113 1906 4155 teste
1936 4103 2151 4167 Tacito,
2177 4104 2252 4156 M.
2279 4104 2458 4157 Germ.
2494 4123 2543 4158 c.
2584 4122 2647 4157 10
2674 4123 2689 4157 :
2712 4124 2793 4156 sa·

1780 4183 1986 4233 cet-dotes
2002 4186 2206 4235 civitatis
2216 4186 2420 4254 publicis
2436 4188 2661 4255 auspiciis
2670 4204 2797 4255 μνω-

1780 4273 1943 4338 erant,
1974 4260 2035 4316 id
2062 4275 2169 4330 est,
2200 4262 2494 4319 sacerdot&
2531 4264 2800 4322 habebant
