3111 5147
763 532 897 602 DE
949 533 1227 604 URBE
1278 534 1849 608 AGEcho.
2218 546 2391 647 477,

334 663 560 759 Pergit
592 662 768 735 idem
805 680 1075 754 auctor,
1111 681 1180 736 et
1219 667 1531 739 describit
1570 669 1815 742 fossam
1848 668 2051 742 latam
2093 675 2368 769 profun-

218 771 549 867 damque,
593 797 820 844 muros
875 774 1117 868 spissos
1166 789 1234 843 et
1286 775 1631 866 excelsos,
1657 793 1768 847 tm
1768 803 1873 848 res
1909 780 2065 850 hinc
2107 795 2175 851 et
2216 782 2371 854 inde

218 881 471 974 partim
528 879 919 974 quadratas,
959 882 1202 976 partim
1269 883 1588 953 rotundas
1656 910 1869 955 muro
1919 886 2369 960 adhaerentes·
2348 920 2369 979 3

222 985 393 1055 duas
435 1001 702 1081 portas,
743 1013 1026 1082 quarum
1067 1010 1222 1061 una
1245 1012 1557 1060 occasum
1604 1016 1834 1081 versus
1864 1008 2141 1064 vocatur
2159 1013 2373 1091 porte

217 1095 328 1164 St.
346 1096 602 1181 dean,
641 1094 849 1164 altera
903 1094 986 1165 ad
1031 1098 1568 1190 septemtrionem
1624 1099 1700 1169 la
1738 1115 1951 1194 porte
2003 1100 2091 1170 de
2146 1105 2362 1197 Jouy,

220 1198 464 1269 deinde
526 1200 906 1290 cuniculos,
951 1199 1148 1271 cellas
1206 1202 1667 1275 subterraneas
1730 1207 1970 1301 quibus
2031 1220 2244 1278 turres
2301 1226 2372 1280 et

215 1307 403 1374 muri
456 1306 541 1375 ad
595 1332 908 1402 magnam
952 1307 1327 1379 distantiam
1385 1313 2039 1408 superimponuntur.
2083 1315 2215 1384 Sed
2267 1317 2365 1386 in

218 1414 372 1507 quit
400 1411 574 1482 idem
594 1440 706 1510 ‚.p
759 1419 882 1503 14,
918 1439 998 1484 ce
1022 1440 1119 1509 qu
1124 1416 1278 1509 ’ily
1310 1439 1361 1485 a
1388 1417 1477 1486 de
1509 1412 1673 1486 tres·
1649 1418 2154 1514 -remarquable
2186 1406 2368 1493 dans

219 1519 278 1588 l’
275 1510 598 1590 mteroeus·
625 1520 716 1590 de
742 1522 1039 1591 l’ancien
1069 1526 1396 1612 Prom'm,
1430 1548 1470 1592 c
1480 1525 1605 1593 ’est
1635 1549 1798 1618 que,
1829 1549 1992 1595 sous
2021 1550 2114 1594 un
2132 1530 2374 1622 grand

217 1625 505 1695 nombre
536 1626 624 1696 de
647 1633 954 1698 maisons
980 1635 1104 1723 qui
1122 1634 1422 1699 exeis-tent
1448 1631 1768 1723 aujourd'
1765 1632 1914 1719 Ιιιιί,
1954 1634 2013 1702 il
2030 1658 2107 1701 se
2134 1649 2365 1706 trouve

215 1731 347 1801 des
368 1756 694 1804 cavean-v
710 1735 1102 1830 proforus,
1129 1761 1222 1807 οιι
1248 1736 1554 1832 grandes
1581 1739 1791 1808 salle-5
1814 1763 2085 1809 carmes
2097 1793 2121 1826 ,
2157 1732 2363 1811 e'clcu‘-

215 1831 370 1909 re'es
408 1863 562 1937 ,par
601 1840 725 1910 des
777 1847 1159 1938 soupimux
1170 1896 1193 1930 ,
1236 1858 1304 1912 et
1343 1843 1513 1914 dont
1546 1845 1647 1913 les
1693 1841 1934 1916 vetites
1985 1837 2237 1916 &leudes
2276 1848 2364 1918 de

213 1946 447 2018 douze
483 1971 576 2018 ou
611 1953 865 2041 quinze
890 1950 1135 2045 pleds,
1177 1966 1339 2018 sont
1375 1953 1737 2044 ,ςοιιιεηιιεε
1760 1976 1912 2048 par
1948 1952 2071 2022 des
2096 1955 2362 2049 pilckaers.

218 2055 524 2125 Souvent
543 2078 706 2123 sou-5
736 2080 850 2124 ces
861 2062 1191 2151 premiers
1216 2080 1531 2127 caveaux
1549 2059 1607 2127 tl
1624 2083 1661 2126 s
1667 2059 1774 2127 ’en
1800 2074 2043 2128 trouve
2050 2084 2145 2128 un
2165 2077 2364 2131 aun-e

211 2159 403 2230 dans
439 2161 668 2255 lequel
687 2184 779 2231 on
813 2161 1116 2232 descend
1129 2185 1281 2259 par
1317 2187 1412 2232 tm
1443 2165 1748 2234 esc-alien
1788 2166 1992 2234 Dans
2015 2167 2364 2261 plusieurs

212 2268 464 2359 ilya
506 2267 862 2364 despuas.
913 2270 1019 2338 De
1067 2293 1180 2341 ces
1231 2269 1442 2338 salles
1489 2294 1583 2340 οιι
1631 2293 1948 2343 caveaux
1998 2295 2268 2358 cart-es,
2310 2274 2372 2355 il

198 2388 391 2469 part
417 2372 539 2442 des
572 2376 870 2469 galet-ies
905 2380 1363 2445 soutemzmes
1403 2381 1528 2470 qui
1566 2401 1603 2446 s
1609 2367 1948 2446 'etendent
1980 2400 2078 2445 ιιιι
2110 2378 2250 2448 Ζοίη
2291 2395 2366 2448 et

206 2485 615 2577 paraissent
647 2504 723 2549 se
750 2486 1285 2577 commum'quer,
1313 2496 1436 2550 etc.
1476 2484 1558 2552 In
1603 2482 1704 2551 his
1743 2483 2051 2553 omnibus
2084 2499 2320 2555 auctor
2337 2540 2358 2575 ,

215 2589 325 2656 vir
359 2589 760 2682 caeteroquin
797 2587 1064 2678 doctus,
1107 2590 1563 2659 vetustissima}
1605 2590 2008 2684 antiquitatis
2040 2593 2226 2686 signa
2259 2594 2357 2661 vi·

210 2691 362 2781 det,
399 2708 468 2764 et
506 2693 771 2789 quidem
811 2697 1288 2765 exstructiones
1331 2719 1671 2784 romanas,
1704 2720 1869 2790 quas
1913 2697 2360 2769 indubitanter

215 2800 465 2870 Caesari
496 2802 620 2896 ipsi
655 2801 923 2889 tribuit3
950 2816 1018 2869 et
1059 2826 1291 2871 eorum
1332 2826 1528 2871 usum
1573 2800 1990 2874 solertissime
2026 2803 2353 2899 explicat:

213 2905 356 2978 scil.
402 2908 462 2975 ei
503 2908 814 2976 attentius
863 2904 1302 2978 consideranti
1354 2905 1618 2976 videtur
1660 2908 1801 2977 haec
1845 2909 2004 2978 urbs
2053 2910 2355 2981 consulto
2434 2924 2445 2929 ’

212 3026 287 3083 et
307 3037 449 3082 uno
476 3026 806 3109 tempore,
831 3039 968 3083 non
998 3017 1240 3108 partim
1262 3028 1330 3082 et
1351 3014 1722 3082 minutatim
1752 3013 2017 3084 condita
2045 3015 2130 3084 ad
2156 3039 2353 3087 usum

212 3121 624 3190 exercituum
642 3173 662 3208 ,
698 3143 764 3188 v.
802 3146 897 3215 gr.
936 3135 1012 3190 ut
1053 3119 1231 3215 apud
1265 3121 1429 3190 Caes.
1466 3119 1691 3190 videre
1728 3136 1863 3207 est,
1889 3120 1975 3190 ad
2012 3125 2353 3208 continen-

211 3225 379 3295 dum
427 3229 788 3296 exercitum
831 3241 901 3297 et
942 3225 1208 3322 quidem
1248 3251 1675 3297 numerosum
1719 3228 1787 3295 in
1828 3226 2153 3316 hibernis,
2195 3254 2353 3325 cap·

212 3334 422 3421 tivos‚
448 3347 732 3429 aegmtos
746 3387 768 3422 ,
798 3332 1206 3421 vulneratos»,
1239 3331 1530 3421 calones,
1569 3333 1937 3406 subdititios
1973 3360 2209 3430 equos,
2245 3360 2351 3405 ar·

209 3462 359 3526 ma,
397 3440 735 3512 machinas
752 3494 772 3528 ,
814 3454 936 3509 etc.
983 3442 1114 3512 Fac
1155 3454 1375 3509 tamen
1419 3464 1557 3509 non
1600 3439 1766 3510 adeo
1805 3443 2107 3536 antiquas
2154 3443 2352 3513 fuisse

211 3545 336 3615 has
374 3545 890 3617 substructiones
916 3561 981 3615 et
1007 3560 1148 3615 arte
1172 3545 1567 3615 fabrefactas
1593 3549 2050 3617 excavationes
2065 3603 2086 3637 ,
2114 3548 2347 3619 nihilo·

210 3652 436 3722 minus
465 3667 836 3741 constaret,
879 3654 1046 3723 arcis
1073 3651 1265 3724 dictae
1301 3654 1366 3722 le
1403 3653 1571 3723 vieil
1604 3656 1926 3741 Provins,
1972 3653 2057 3724 ab
2098 3657 2352 3751 origine

209 3760 429 3854 prima
445 3812 465 3847 ‚
494 3760 690 3829 situm
727 3758 925 3829 fuisse
955 3757 1271 3829 selectum
1298 3783 1339 3828 a
1368 3760 1684 3828 Romanis
1719 3757 1923 3829 veluti
1951 3784 2175 3831 arcem
2204 3787 2351 3857 spe·

210 3863 605 3935 culatoriam
643 3869 842 3936 armis
872 3865 1262 3936 destinatam
1276 3919 1297 3952 ‚
1331 3890 1453 3936 nec
1490 3881 1694 3960 caput
1720 3868 1966 3961 gentis,
2002 3870 2125 3937 etsi
2146 3867 2352 3938 ..aliter

211 3986 438 4041 tamen
472 3997 554 4041 ex
587 3972 974 4060 Ptolemaeo,
1004 3973 1117 4068 qui
1152 3996 1299 4044 eam
1338 3970 1545 4042 solam
1577 3974 1746 4042 inter
1778 3974 2116 4044 Senonum
2152 3974 2351 4044 urbes

210 4080 516 4148 nominat
531 4132 551 4167 ‚
593 4079 921 4173 conjicere
970 4077 1232 4168 liceret;
1274 4078 1389 4150 sed
1432 4078 1600 4150 adeo
1643 4078 1998 4150 mendosus
2044 4094 2112 4152 et
2152 4078 2354 4153 fallax

206 4184 284 4252 in
311 4186 443 4254 suis
470 4187 795 4256 mensuris
821 4184 1213 4256 Ptolemaeus
1249 4200 1379 4266 est,
1408 4200 1484 4255 ut
1515 4186 1626 4254 vix
1654 4184 1746 4255 illi
1778 4185 2173 4281 particulam
2198 4186 2354 4260 fidei

211 4287 506 4385 aliquam
547 4292 617 4360 in
660 4291 1100 4388 disputatione
1141 4305 1372 4364 nostra
1412 4289 1779 4399 concedere
1822 4289 2031 4365 liceat.

2715 3 2764 13 .-a
2801 3 2948 13 Ί--υ--Π
