3111 5147
737 527 886 624 395
1065 531 1142 598 c.
1197 526 1481 597 JUL11
1537 523 2000 596 cAEsAnls
2052 495 2596 591 οοΜΜΕῇΤ.

735 686 890 757 gros
916 660 1207 731 subsidio
1231 660 1515 729 adducit.
1539 660 1869 727 Restituto
1896 640 2121 750 praelio
2139 679 2216 724 ac
2235 651 2510 748 repulsis
2536 650 2862 738 hostibus,

735 792 815 837 co
839 821 859 855 ‚
896 793 1030 863 quo
1086 767 1452 837 Labienum
1508 766 1776 833 miserat
1802 815 1823 851 ,
1866 761 2251 847 contendit3
2294 760 2601 830 cohortes
2633 759 2735 826 IV
2787 781 2865 825 ex

736 876 1042 969 proximo
1078 871 1346 943 castello
1387 871 1699 959 deducit;
1727 871 2021 964 equitum
2054 891 2124 938 se
2158 881 2418 963 partem
2461 866 2685 959 sequi,
2718 885 2865 958 par·

736 994 872 1049 tem
916 982 1263 1049 circumire
1305 980 1660 1046 exteriores
1696 976 2092 1045 munitiones
2111 1028 2130 1060 ,
2164 988 2233 1041 et
2265 973 2351 1040 ab
2383 969 2606 1068 tergo²
2643 970 2865 1039 hostes

738 1087 982 1156 adoriri
1018 1085 1225 1179 jubet„
1272 1084 1603 1154 Labienus
1623 1137 1642 1171 ‚
1670 1096 2021 1178 postquam
2065 1104 2276 1174 neque
2318 1103 2626 1173 aggeres,
2656 1101 2864 1170 neque

740 1193 930 1262 fossae
970 1194 1105 1261 vim
1148 1191 1438 1260 hostium
1484 1191 1806 1260 sustinere
1846 1201 2157 1282 poterant
2182 1239 2203 1272 ,
2245 1187 2490 1254 coactis
2534 1182 2863 1277 undequa-

739 1283 1080 1394 draginta³
1125 1297 1509 1367 cohortibus
1528 1349 1557 1384 ,
1593 1320 1754 1390 quas
1796 1319 1879 1364 ex
1921 1294 2234 1388 proximis
2275 1291 2588 1387 praesidiis
2627 1289 2863 1358 deduc·

741 1419 841 1473 tas
886 1404 1023 1474 fors
1067 1403 1306 1474 obtulit
1334 1456 1352 1491 ‚
1396 1406 1725 1473 Caesarem
1776 1426 1896 1497 per
1938 1402 2214 1469 nuncios
2266 1398 2425 1467 facit
2472 1398 2819 1466 certiorem
2844 1448 2863 1484 ,

741 1511 900 1606 quid
936 1509 1310 1580 faciendum
1354 1511 1695 1578 existimet.

851 1619 1302 1687 LXXXVIII.
1358 1615 1702 1686 Accelerat
1743 1615 1965 1683 Caesar
1983 1666 2003 1700 ,
2038 1625 2113 1681 ut
2141 1609 2367 1707 praelio
2409 1609 2680 1679 intersit.
2714 1609 2864 1702 Ejus

743 1722 1034 1792 adventu
1062 1748 1142 1792 ex
1170 1721 1392 1792 colore
1435 1724 1708 1790 vestitus
1725 1719 1742 1744 ¹
1782 1721 2048 1814 cognito
2068 1773 2088 1808 ,
2117 1711 2304 1812 (quo
2346 1719 2585 1812 insigni
2611 1717 2679 1783 in
2707 1740 2862 1809 prae-

744 1827 844 1896 liis
886 1829 984 1897 uti
1026 1842 1460 1897 consueverat
1478 1821 1576 1916 ²,)
1625 1829 1990 1920 turmisque
2042 1827 2337 1919 equitum
2380 1837 2447 1893 et
2488 1821 2866 1893 cohortibus

744 1936 899 2002 visis
919 1987 939 2022 ,
968 1957 1132 2062 quas
1161 1958 1230 2002 se
1268 1934 1449 2027 sequi
1483 1934 1808 2027 jusserat,
1834 1946 1909 2001 ut
1935 1930 2019 2000 de
2046 1929 2207 2001 locis
2243 1928 2691 2026 superioribus
2732 1928 2865 1996 haec

745 2024 1065 2107 declivia³
1096 2054 1163 2108 et
1189 2039 1438 2109 devexa
1473 2040 1955 2126 cernebantur,
1989 2038 2211 2107 hostes
2244 2035 2539 2132 praelium
2571 2036 2866 2104 commit·

745 2160 913 2214 tunt.
956 2148 1287 2240 Utrinque
1343 2127 1631 2214 clamore
1683 2143 1986 2232 sublato,
2022 2144 2264 2238 excipit
2305 2167 2532 2212 rursus
2575 2167 2659 2210 ex
2701 2138 2865 2209 vallo

746 2267 941 2347 atque
966 2253 1272 2322 omnibus
1298 2252 1773 2322 munitionibus
1801 2250 2067 2321 clamor.
2096 2251 2365 2337 Nostri,
2394 2250 2650 2318 omissis
2652 2234 2864 2343 ⁴pilis,

831 2481 883 2514 2.
913 2462 1110 2513 Partem
1140 2465 1384 2512 cin-iamim
1404 2465 1654 2513 estenbres
1667 2480 1766 2512 ma·

749 2544 970 2601 ultiones,
997 2552 1046 2593 et
1068 2539 1130 2591 ab
1156 2550 1317 2610 tergo,
1338 2551 1425 2592 etc.
1451 2539 1577 2592 Haec
1597 2540 1768 2593 excel-

748 2620 1036 2672 lentissima
1051 2620 1077 2671 s
1073 2619 1151 2670 uit
1165 2618 1443 2690 dispositio
1457 2656 1474 2685 ,
1491 2638 1650 2691 quam
1663 2619 1766 2672 Po·

749 2699 951 2770 lyoenus
965 2736 981 2763 ‚
999 2710 1156 2751 nocte
1186 2698 1486 2769 superiore,
1505 2716 1535 2750 a
1564 2699 1767 2752 Casu-e

751 2777 1015 2848 provisam
1044 2777 1203 2830 fuisse
1234 2777 1395 2831 dicit:
1427 2778 1522 2850 qui
1550 2776 1767 2849 quidem

752 2856 856 2909 hoe
886 2870 1262 2910 commemorat
1291 2870 1599 2928 stratagema
1619 2856 1766 2930 quod

750 2935 1027 2989 victoriam
1055 2938 1280 3009 peperit.
1310 2939 1493 3009 Turpia
1523 2938 1583 2989 de
1612 2939 1775 2991 Cri-ssd

749 3016 956 3071 eximiis
971 3018 1176 3070 extollit
1185 3016 1432 3071 laudibus
1454 3029 1508 3070 et
1522 3017 1768 3089 peritiam

750 3095 1005 3161 Labieni,
1036 3110 1089 3150 et
1119 3096 1291 3151 audax
1320 3099 1434 3168 ejus
1468 3097 1685 3151 factum.

835 3176 888 3228 3.
935 3176 1409 3248 Undequadmginea.
1437 3175 1660 3230 Codices
1680 3177 1770 3229 ha·

751 3255 882 3307 bent
919 3273 1107 3321 xxxix,
1143 3256 1255 3309 scil.
1285 3256 1762 3328 undequadmginta,

755 3335 839 3386 vel
869 3353 964 3386 una
977 3372 992 3396 ‚
1022 3335 1218 3388 scilicet
1231 3373 1248 3400 ,
1274 3337 1418 3387 simul
1443 3340 1621 3386 coactis
1645 3355 1768 3408 qua·

751 3413 996 3482 draginta.
1018 3414 1357 3469 Ciaooonim:
1384 3439 1408 3461 ι
1429 3414 1564 3467 mihi
1583 3415 1671 3467 hic
1694 3415 1768 3467 lo·

713 3558 714 3561 ¹
752 3512 845 3546 cus
869 3491 1023 3546 valde
1052 3505 1321 3564 suspectus
1347 3507 1451 3558 est,
1478 3507 1590 3545 tum
1619 3493 1765 3565 quod

751 3572 931 3643 plures
959 3573 1066 3624 sint
1087 3572 1359 3638 cohortes,
1379 3590 1537 3643 quam
1568 3586 1630 3626 ut
1657 3573 1765 3627 for-

751 3652 886 3704 mito
933 3652 1120 3705 ohletae
1161 3650 1334 3705 videri
1374 3652 1606 3723 possint,
1650 3665 1764 3707 tum

750 3728 895 3801 quod
946 3731 1123 3802 potius
1161 3730 1359 3785 diceret
1408 3733 1761 3804 quadraginta,

752 3823 811 3863 ut
844 3829 1096 3863 numerus
1123 3823 1265 3864 esset
1293 3810 1572 3865 rotundus.
1600 3813 1766 3865 Error

750 3889 969 3943 forsitan
994 3901 1148 3943 natus
1165 3903 1243 3944 est
1254 3910 1319 3944 ex
1334 3893 1489 3954 notis,
1506 3904 1667 3964 etpro
1681 3910 1736 3969 ξι
1747 3929 1765 3959 ,

750 3986 890 4023 unus
921 3989 987 4023 ex
1022 3971 1209 4042 primis
1245 3971 1429 4027 scribis
1457 3971 1766 4044 imprudens

755 4051 987 4102 exaravit
1025 4069 1107 4103 n..
1139 4076 1162 4097 ι
1217 4050 1498 4104 Ciaceonio
1548 4069 1764 4123 prorsus

755 4130 1038 4195 assentior,
1063 4143 1117 4182 et
1138 4130 1418 4202 legendum
1444 4144 1577 4202 puto
1600 4150 1675 4186 xl.
1726 4166 1733 4177 ·

832 4206 959 4263 Cn’.
987 4209 1347 4267 LXXXVIII.
1393 4228 1438 4269 ι,
1481 4212 1572 4265 Ea·
1612 4213 1767 4265 colore

1850 2463 2067 2513 wstitus.
2095 2460 2217 2514 Scil.
2244 2458 2564 2512 rubicundo.
2595 2458 2733 2514 Nam
2764 2459 2862 2510 Ro-

1852 2542 1995 2593 mani
2025 2539 2186 2593 duces
2215 2539 2418 2611 insigne
2459 2537 2732 2610 dignitatis
2776 2537 2861 2591 ha·

1850 2622 2047 2673 bebant
2070 2617 2530 2692 paludamentum,
2545 2620 2658 2672 scil.
2683 2619 2860 2691 pallio·

1850 2700 1965 2753 lum
2004 2700 2180 2753 colore
2216 2701 2381 2752 rubro
2417 2700 2678 2765 tincmm3
2726 2695 2859 2773 quod

1852 2780 2100 2832 omnibus
2128 2791 2317 2832 notum
2347 2791 2441 2832 est.

1937 2879 1987 2912 α.
2025 2860 2137 2929 Quo
2166 2862 2346 2928 insigni
2371 2861 2423 2910 ιιι
2447 2859 2635 2929 pnoelic's
2660 2861 2735 2910 ιιει
2757 2876 2862 2910 eon·

1852 2950 2078 2991 sueverat.
2105 2939 2175 2990 Et
2197 2936 2255 2992 id
2279 2939 2500 3009 glossam
2528 2936 2771 2991 redolere
2784 2956 2864 2989 ιι·-

1851 3018 2120 3071 hitrantur
2145 3018 2342 3083 αἰτίοις
2366 3035 2491 3069 nam
2513 3019 2742 3070 Romani
2768 3015 2864 3069 du·

1851 3116 1937 3150 ees
1965 3116 2238 3169 nunquam
2259 3097 2364 3149 alio
2388 3097 2583 3150 vestitu
2600 3098 2656 3150 in
2678 3097 2867 3169 preliis

1852 3178 2165 3242 utebantur,
2199 3176 2344 3229 unde
2392 3176 2497 3230 hoe
2528 3177 2721 3230 factum
2758 3195 2867 3229 me·

1854 3275 2062 3310 morare
2088 3275 2304 3329 prorsus
2349 3256 2539 3310 inutile
2566 3268 2695 3308 esset
2717 3274 2735 3307 .-
2760 3256 2865 3308 nisi

1852 3336 1988 3389 forte
2003 3375 2020 3401 ‚
2036 3351 2094 3390 ut
2107 3350 2283 3389 censet
2305 3336 2862 3406 Davisius‚Caeserpn·

1852 3412 2214 3469 ludamentum
2231 3416 2333 3469 alio
2345 3416 2524 3469 colore
2536 3416 2755 3468 tinctum
2764 3413 2867 3466 fer-

1850 3514 1908 3547 re
1926 3496 2285 3561 consueverim
2302 3494 2451 3566 quod
2465 3515 2573 3549 non
2586 3495 2859 3566 probatur.

1933 3575 1986 3628 3.
2001 3576 2171 3627 Decliv
2174 3579 2239 3628 ia.
2257 3576 2390 3639 Alii,
2402 3574 2600 3627 decliva.
2622 3576 2869 3627 Noume-

1848 3654 1930 3719 le,
1961 3673 2082 3708 nam
2111 3653 2308 3708 dicitur
2332 3655 2705 3726 aquqdeelmk
2726 3654 2869 3707 eteh-

1849 3692 2010 3787 cuius.
2044 3736 2161 3786 Jem
2189 3734 2437 3788 vidimus.

1932 3820 1993 3876 4.
2024 3814 2245 3873 omissis.
2284 3814 2429 3866 Male
2452 3813 2745 3867 Oberlinus
2764 3814 2861 3866 lee-

1850 3893 2049 3946 tionem
2076 3891 2232 3947 codd.
2264 3893 2702 3946 nonnullorume
2674 3897 2858 3954 εηιξκιε,

1850 3991 1941 4025 seu
1964 3978 2137 4036 ηιξκιε,
2162 3986 2382 4026 conatur
2411 3971 2720 4027 defendere.
2732 3974 2861 4025 Nam

1850 4052 1953 4105 hoc
1983 4053 2100 4106 loco
2115 4090 2134 4118 ,
2163 4071 2329 4123 quum
2361 4052 2536 4105 hostes
2562 4056 2675 4123 jam
2714 4070 2865 4124 supe·

1850 4132 2018 4186 riores
2033 4145 2204 4186 essent
2217 4170 2235 4198 ,
2251 4145 2305 4186 et
2329 4132 2644 4186 munitionis
2664 4145 2864 4205 partem

1851 4212 1972 4265 satis
2016 4230 2255 4283 magnam
2304 4224 2653 4283 oecupsrent,
2697 4227 2865 4282 neque
