3111 5147
653 520 800 620 276
961 521 1038 588 c.
1094 517 1377 586 JUL11
1430 512 1900 623 cAEsARis
1955 511 2507 581 COMMENT.

646 653 892 726 culeius
910 636 932 676 ³
961 648 1294 720 hiemandi
1336 668 1534 717 causa
1576 643 2028 714 consederant.
2072 647 2270 713 Hunc
2312 668 2465 719 cum
2506 640 2769 740 reliquis

645 760 842 830 rebus
886 757 1105 827 locum
1148 754 1474 849 probabat
1494 807 1512 840 ‚
1554 766 1698 820 tum
1740 750 1920 845 quod
1969 751 2322 845 superioris
2363 749 2519 818 anni
2554 752 2768 820 muni-

645 869 854 936 tiones
881 851 907 895 ⁴
949 866 1218 957 integrae
1261 859 1616 928 manebant
1638 911 1657 945 ‚
1692 871 1769 925 ut
1808 854 2088 926 militum
2130 856 2420 925 laborem
2467 854 2767 926 subleva·

642 987 763 1041 ret.
808 968 1116 1040 Praesidio
1149 966 1632 1061 impedimentis
1658 961 1981 1058 legionem
2024 965 2189 1031 XIV
2234 962 2528 1056 reliquit,
2565 987 2771 1032 unam

645 1103 727 1147 ex
766 1079 841 1147 iis
885 1076 1094 1145 tribus
1115 1128 1134 1161 ‚
1176 1098 1339 1168 quas
1390 1073 1687 1165 proxime
1743 1071 2270 1163 conscripta-sex
2312 1067 2500 1137 Italia
2552 1084 2768 1137 trans-

646 1184 940 1252 duxerat.
977 1182 1057 1249 Ei
1084 1178 1324 1273 legioni
1361 1179 1718 1270 castrisque
1745 1178 1830 1264 Q.
1870 1175 2156 1246 Tullium
2184 1177 2575 1246 Ciceronem
2602 1200 2770 1269 prae·

642 1290 796 1359 fecit
819 1287 1322 1379 ,ducentosque
1363 1285 1612 1378 equites
1653 1281 1966 1351 attribuit.

747 1395 1073 1463 XXXIII.
1111 1392 1360 1460 Partito
1387 1392 1706 1477 exercitu,
1724 1392 1796 1457 T.
1838 1387 2203 1457 Labienum
2229 1413 2379 1458 cum
2404 1385 2769 1481 legionibus

645 1501 851 1570 tribus
881 1500 966 1568 ad
1008 1500 1353 1568 Oceanum
1387 1495 1655 1565 versus¹
1691 1498 1760 1564 in
1800 1519 1910 1563 eas
1954 1509 2212 1588 parteS,
2240 1519 2386 1588 quae
2422 1494 2771 1598 Menapios

644 1609 1012 1702 attingunt,
1044 1604 1367 1700 proficisci
1392 1603 1621 1696 jubet:
1658 1604 1733 1671 C.
1771 1601 2172 1670 Trebonium
2205 1625 2358 1669 cum
2390 1624 2531 1694 pari
2568 1598 2768 1692 legio-

645 1738 801 1782 num
847 1737 1127 1780 numero
1170 1710 1253 1780 ad
1296 1734 1441 1778 eam
1486 1710 1860 1802 regionem,
1903 1732 2051 1801 quae
2090 1706 2423 1775 Aduaticis
2463 1706 2766 1798 adjacet,

641 1818 1172 1912 depopulandam
1206 1817 1443 1884 mittit:
1475 1816 1615 1908 ipse
1651 1838 1803 1882 cum
1846 1814 2106 1907 reliquis
2146 1813 2355 1881 tribus
2392 1812 2475 1879 ad
2518 1812 2769 1880 flumen

644 1921 970 1994 Scaldim²
975 1975 994 2009 ,
1031 1921 1208 2016 quod
1236 1921 1497 1989 influit
1480 1945 1549 1987 m
1584 1921 1883 2005 Mosam,
1910 1934 2362 2014 extremasque
2392 1917 2769 1988 Arduennae

642 2044 861 2125 partes
890 2031 984 2097 ire
1022 2028 1398 2113 constituit,
1421 2051 1559 2120 quo
1588 2051 1741 2095 cum
1775 2027 1998 2119 paucis
2034 2024 2357 2118 equitibus
2392 2023 2770 2118 profectum

641 2135 1090 2229 Ambiorigem
1142 2132 1464 2201 audiebat
1510 2131 1873 2201 Discedens
1904 2186 1922 2219 ‚
1973 2146 2124 2226 post
2173 2130 2344 2200 diem
2414 2132 2769 2225 septimum

644 2268 782 2313 sese
847 2265 1266 2310 reversurum
1285 2293 1303 2327 ‚
1347 2236 1734 2308 confirmat:
1780 2263 1979 2332 quam
2036 2237 2121 2306 ad
2171 2236 2345 2306 diem
2387 2238 2448 2304 ei
2489 2236 2772 2331 legioni,

642 2438 781 2480 notae
798 2427 1133 2484 Aduatucam,
1157 2422 1302 2475 unde
1320 2423 1580 2492 conjicere
1596 2423 1662 2474 li·
1750 2434 1958 2487 tuetur,
1990 2434 2144 2493 atque
2196 2422 2456 2475 caesarem
2505 2421 2767 2493 scripsisse

643 2519 726 2559 cet
759 2505 1013 2558 mendum
1043 2516 1226 2555 natum
1267 2521 1330 2554 ex
1369 2500 1660 2553 scribarum
1750 2502 1929 2554 asserit
1956 2502 2174 2554 Scaldem
2200 2506 2251 2552 in
2266 2501 2454 2553 Mosam
2472 2503 2680 2572 influere.
2700 2496 2765 2552 Id

643 2604 822 2639 ‹el-rore
837 2623 853 2648 ‚
876 2603 1105 2655 quorum
1128 2583 1216 2636 alii
1247 2582 1573 2651 scripserunt
1598 2581 1668 2632 ad
1750 2583 1892 2635 enim
1922 2583 2094 2653 reipsa
2125 2582 2187 2634 fit
2216 2601 2325 2634 non
2352 2582 2540 2654 procul
2571 2582 2638 2634 ab
2668 2600 2768 2653 op·

647 2666 886 2716 Vatucam
900 2702 913 2721 ,
937 2664 1022 2714 alii
1033 2681 1143 2714 uno
1157 2662 1319 2713 verbo
1334 2660 1660 2713 Aduatucam.
1747 2659 1879 2732 pido
1899 2661 2067 2713 Britan
2080 2700 2094 2722 ,
2123 2661 2216 2713 ubi
2239 2661 2439 2732 aliquot
2464 2673 2585 2714 ante
2602 2679 2767 2714 annos

643 2743 792 2795 Nihil
821 2743 924 2795 hoc
946 2742 1063 2793 loco
1087 2738 1457 2794 dubitandum.
1486 2741 1667 2792 Aduo«
1752 2753 1889 2793 terra
1913 2741 2059 2812 pagis
2076 2754 2130 2793 et
2156 2741 2362 2794 arcibus
2387 2740 2581 2793 florens
2605 2740 2761 2793 exsti-

647 2834 757 2874 tuca
773 2819 1032 2893 oppidum
1053 2821 1368 2872 Eburonum
1394 2818 1577 2872 differt
1598 2820 1664 2872 ab

648 2902 937 2955 Aduatucis.
955 2898 1081 2952 Vid.
1099 2898 1210 2952 iud.
1230 2918 1403 2970 geogr.

728 2982 779 3035 3.
804 2982 1030 3042 Timr-ius,
1049 2979 1325 3051 etc.Sup.l.
1344 2998 1428 3045 Π,
1443 2985 1511 3042 ²4
1526 3009 1549 3021 ·
1571 2979 1660 3031 38.

727 3067 780 3124 4.
813 3060 1119 3113 Munitiones.
1154 3059 1390 3111 Hiberna
1427 3060 1663 3123 munita,

643 3158 760 3212 qua
783 3140 944 3201 infra,
966 3138 1217 3192 dicuntur
1232 3139 1517 3191 caitellum.
1533 3135 1663 3190 Vid.

646 3239 759 3292 cap.
790 3219 1008 3288 37,fere
1026 3217 1094 3271 ad
1121 3219 1302 3271 finem.

725 3299 854 3351 Car.
897 3298 1150 3350 xxxm.
1203 3315 1249 3350 1.
1291 3297 1384 3350 Ad
1417 3296 1661 3348 Oceanum

643 3396 826 3430 versus.
858 3376 982 3428 Hoc
1010 3377 1164 3446 plena
1194 3375 1392 3428 locutio
1423 3387 1501 3426 est
1519 3412 1536 3438 ,
1578 3376 1661 3426 in·

645 3456 1016 3528 quitVonius3
1036 3472 1161 3506 nam
1182 3453 1271 3505 alii
1285 3455 1591 3507 omitterent
1602 3457 1659 3506 τὸ

644 3536 739 3599 ad,
772 3547 833 3588 ut
859 3534 1047 3606 sapius
1075 3544 1256 3585 noster
1285 3533 1481 3584 scribit.

728 3635 777 3668 2.
809 3613 1097 3684 Adflamen
1122 3611 1353 3664 Scaldim.
1394 3612 1661 3683 Inter-pres

640 3713 793 3766 grac.
821 3691 998 3757 Σάὸιν,
1039 3693 1086 3743 la
1117 3691 1337 3753 Sambm,
1365 3692 1512 3761 cujus
1553 3693 1658 3743 lec·

643 3774 844 3827 tionem
867 3770 1219 3824 defenderunt
1247 3770 1494 3823 nonnulli
1513 3809 1530 3836 ,
1574 3769 1658 3823 di-

642 3866 817 3905 centes
828 3850 1039 3904 Scaldim
1056 3851 1202 3904 nulla
1216 3863 1369 3904 tenus
1380 3852 1435 3904 in
1454 3851 1658 3903 Mosam

639 3929 861 3984 influere
874 3967 892 3996 ,
918 3942 972 3983 et
990 3950 1090 4002 pro
1107 3931 1301 4003 vulgat.
1317 3930 1547 3991 Scaldim,
1570 3949 1654 3983 re-

639 4023 849 4081 ponunt
875 4010 1026 4063 Sabin
1040 4047 1057 4076 ,
1089 4012 1182 4083 qui
1205 4011 1397 4064 fluvius
1432 4012 1656 4063 Namur-

640 4107 761 4142 cum
786 4093 935 4160 juxta
961 4090 1017 4141 in
1052 4091 1257 4143 Mosam
1291 4107 1345 4146 se
1369 4104 1651 4155 exonerat;

641 4179 696 4219 et
735 4167 1002 4221 Gen-ardus
1030 4170 1386 4240 Noviomagus
1425 4189 1453 4221 a
1486 4169 1650 4222 Glan-

637 4243 829 4317 dorpio
851 4249 1066 4313 citatus,
1091 4250 1653 4320 vulgatamlectionem

1750 2821 1898 2884 terit3
1915 2819 2006 2872 sed
2022 2819 2180 2873 hodie
2192 2833 2395 2874 vastum
2410 2821 2483 2872 ibi
2500 2838 2641 2873 mare
2650 2838 2764 2872 cer-

1748 2901 1922 2964 nitur,
1948 2918 2114 2969 eoque
2130 2901 2223 2964 fit,
2245 2913 2301 2952 ut
2324 2900 2613 2953 fluviorum
2636 2900 2769 2952 ostia

1748 2978 1817 3030 ad
1860 2993 2095 3032 veterum
2134 2980 2437 3051 praecripta
2472 2980 2562 3031 vix
2604 2980 2769 3032 inter-

1748 3059 1895 3111 nosci
1912 3073 2121 3130 queant.
2137 3059 2416 3130 Perperam
2432 3077 2446 3110 τ
2461 3078 2585 3111 nam
2599 3058 2771 3111 Ardu-

1749 3157 1883 3190 enna
1905 3139 2033 3190 silva
2053 3157 2341 3210 numquam
2358 3139 2425 3192 ad
2439 3139 2569 3191 fines
2588 3139 2773 3190 Mena-

1746 3218 1987 3288 piorum,
2023 3235 2195 3290 neque
2220 3216 2287 3272 ad
2324 3219 2454 3271 ostia
2484 3216 2766 3270 fluminum

1747 3296 1945 3349 Scaldis
1976 3309 2029 3350 et
2057 3299 2220 3351 Mosae
2250 3299 2486 3370 pertigit3
2520 3294 2611 3348 sed
2656 3314 2764 3348 una

1748 3396 1810 3429 ex
1822 3389 1971 3448 parte
2000 3396 2030 3428 a
2055 3377 2111 3443 fl,
2132 3376 2393 3430 Rhenoad
2417 3377 2543 3427 fines
2564 3375 2761 3427 Remo-

1745 3471 1886 3521 rum,
1899 3475 1961 3508 ex
1971 3456 2129 3508 altera
2146 3473 2174 3508 a
2190 3456 2418 3511 Treviris
2426 3452 2497 3508 ad
2515 3454 2763 3521 Neu-vio&

1745 3533 1868 3587 vide
1894 3533 2005 3587 ind.
2036 3535 2233 3607 Geogr.
2261 3536 2432 3600 unde,
2455 3553 2619 3606 quum
2632 3532 2771 3588 dicit

1747 3612 1975 3666 caesarse
1996 3620 2293 3668 constituisse
2302 3629 2532 3668 esu-emas
2545 3614 2772 3666 Ardua·-

1744 3712 1821 3744 πω
1843 3695 1992 3764 sylvoe
2008 3708 2173 3765 partes
2196 3699 2291 3761 ire,
2319 3708 2523 3749 certum
2550 3706 2630 3746 est
2660 3712 2770 3746 non

1742 3786 2167 3845 praetergressum
2174 3794 2284 3828 esse
2295 3774 2768 3837 finesNerviornm,

1743 3853 1938 3906 scilicet
1951 3854 2095 3906 Sabis
2121 3845 2177 3907 et
2204 3855 2359 3906 Mosa
2389 3855 2767 3907 conterminos.

1742 3932 1885 3984 Bene
1898 3933 2057 4003 igitur
2080 3935 2340 4005 interpres
2353 3951 2509 4003 grac.
2534 3933 2773 4004 reposuit

1741 4009 1923 4064 Sabim.
1954 4012 2103 4066 Idem
2134 4032 2285 4066 error
2314 4015 2536 4065 Caesaris
2568 4013 2625 4064 in
2646 4013 2771 4065 scri·

1741 4090 1928 4144 bandis
1956 4093 2020 4144 iis
2050 4093 2386 4157 nominibus,
2418 4110 2579 4164 quem
2608 4109 2771 4162 supra

1739 4171 2055 4238 notavimus5
2069 4169 2090 4235 (
2106 4171 2214 4225 vid.
2230 4172 2415 4243 Suppl.
2427 4170 2493 4223 ad
2508 4184 2619 4225 not.
2635 4172 2671 4223 1.
2688 4188 2735 4223 11
2748 4210 2767 4233 ,

1739 4267 1793 4320 p.
1832 4254 1903 4319 98
1935 4264 1989 4305 et
2024 4249 2150 4325 99.)
2178 4253 2333 4308 sicuti
2359 4252 2506 4306 enim
2531 4248 2769 4307 secundo
