3111 5147
737 559 884 632 208
1046 562 1123 630 C.
1179 560 1462 629 JULII
1517 558 1983 627 CAESARIS
2034 558 2581 629 COMMENT.

730 692 1076 762 fortissime
1107 717 1410 787 pugnans
1453 691 1790 762 occiditur.
1831 678 1973 759 Illi⁴
2009 715 2180 786 aegre
2210 691 2299 760 ad
2336 706 2601 762 noctem
2638 716 2845 790 oppu-

728 800 1106 893 gnationem
1156 800 1520 883 sustinent·
1560 811 1764 865 noctu
1814 797 1899 865 ad
1940 822 2144 866 unum
2193 823 2463 886 omneS,
2506 799 2853 894 desperata

729 903 968 992 salute,
997 930 1065 975 se
1102 906 1225 999 ipsi
1250 904 1670 973 interficiunt.
1713 905 1912 972 Pauci
1949 928 2029 972 ex
2067 902 2291 1034 praelio
2321 903 2558 1023 elapsi,
2585 908 2850 976 incertis

727 960 1065 1081 itineribus
1109 1036 1227 1106 per
1258 1009 1451 1079 silvas
1484 1010 1570 1078 ad
1600 1013 1673 1077 T.
1707 997 2114 1078 Labienum⁵
2144 1009 2489 1104 legatum
2473 1036 2538 1078 m
2574 1011 2850 1081 hiberna

729 1119 1162 1210 perveniunt,
1188 1131 1384 1210 atque
1412 1141 1563 1184 eum
1594 1116 1676 1185 de
1702 1116 1899 1186 rebus
1928 1118 2123 1209 gestis
2149 1117 2496 1185 certiorem
2524 1116 2795 1188 faciunt.

835 1224 1225 1292 XXXVIII.
1272 1227 1413 1291 Hac
1435 1223 1711 1291 victoria
1739 1221 2033 1290 sublatus
2057 1223 2423 1309 Ambiorix,
2446 1225 2665 1292 statim
2698 1249 2845 1294 cum

615 1311 630 1322 ’
727 1330 1019 1421 equitatu
1072 1330 1140 1396 in
1186 1328 1566 1398 Aduatucos
1593 1382 1613 1415 ,
1677 1329 1789 1422 qui
1843 1343 2031 1396 erant
2085 1329 2225 1424 ejus
2278 1353 2485 1423 regno
2546 1329 2844 1417 finitimi,

726 1434 1202 1527 proficiscitur3
1229 1459 1440 1528 neque
1471 1449 1770 1520 noctem,
1802 1459 2015 1528 neque
2045 1434 2216 1503 diem
2239 1437 2645 1522 intermittit,
2668 1438 2841 1531 pedi·

727 1553 1067 1634 tatumque
1097 1566 1166 1610 se
1205 1541 1509 1635 subsequi
1537 1542 1743 1634 jubet.
1790 1543 1890 1610 Re
1925 1540 2370 1612 demonstrata
2392 1541 2436 1630 ¹,
2458 1541 2841 1612 Aduatucis-

725 1629 851 1739 que
871 1648 1211 1716 concitatis
1225 1700 1244 1734 ,
1260 1662 1530 1741 postero
1547 1648 1652 1716 die
1674 1650 1741 1714 in
1758 1649 2037 1716 Nervios
2050 1649 2369 1742 pervenit,
2377 1648 2801 1743 hortaturque
2816 1676 2835 1735 ;

734 1780 767 1815 «
787 1777 870 1820 ne
895 1755 994 1821 sui
1005 1755 1071 1821 in
1090 1768 1484 1847 perpetuum
1511 1753 1850 1872 liberandi,
1862 1768 2069 1872 atque
2096 1752 2448 1823 ulciscendi
2475 1756 2835 1843 Romanos»,

724 1881 847 1950 pro
905 1860 981 1926 iis
1041 1883 1204 1952 quas
1248 1860 1624 1953 acceperint
1679 1860 1965 1951 injuriiS,
2011 1861 2424 1929 occasionem
2465 1860 2834 1930 dimittant:

723 1962 1102 2032 interfectos
1129 1988 1268 2032 esse
1292 1963 1538 2058 legatos
1567 1961 1736 2032 duo²
1743 1989 2225 2097 ,magnamque
2248 1980 2505 2061 partem
2524 1970 2838 2037 exercitus

722 2067 1017 2137 interisse
1047 2068 1498 2158 demonstrat;
1527 2070 1687 2139 nihil
1713 2096 1852 2140 esse
1886 2057 2194 2164 negotii³‚
2220 2073 2435 2143 subito
2462 2098 2837 2168 oppressam

723 2170 1046 2268 legionem
1067 2229 1087 2264 ,
1140 2199 1284 2269 quae
1335 2201 1490 2245 cum
1547 2178 1870 2255 Cicerone
1924 2176 2207 2264 hiemet,
2259 2179 2586 2266 interfici,
2638 2205 2709 2249 se
2760 2179 2839 2247 ad

722 2303 867 2349 eam
897 2305 1036 2350 rem
1066 2282 1415 2376 profitetur
1447 2281 1893 2374 adjutorem.»
1934 2281 2144 2352 Facile
2185 2283 2311 2353 hac
2346 2233 2643 2354 oratione
2676 2288 2743 2356 N
2742 2311 2836 2353 er·

721 2387 840 2455 viis
884 2388 1253 2480 persuadet.

824 2495 1147 2562 XXXIX.
1184 2496 1448 2588 Itaque,
1474 2493 1819 2563 confestim
1854 2496 2129 2565 dimissis
2162 2498 2416 2568 nunciis
2446 2499 2531 2566 ad
2562 2501 2834 2569 Ceutro-

720 2596 897 2684 nes¹‚
915 2599 1235 2685 Gradiue»,
1257 2603 1584 2688 Levac03‚
1605 2600 2018 2671 Pleumoxios
2038 2656 2057 2691 ,
2082 2603 2448 2693 Geidunos,
2474 2607 2586 2699 qui
2616 2630 2839 2675 omnes

720 2703 843 2771 sub
879 2727 1110 2772 eorum
1146 2706 1420 2799 imperio
1464 2721 1619 2775 sunt
1638 2759 1656 2793 ,
1684 2731 1881 2801 quam
1926 2710 2239 2779 maximas
2270 2734 2504 2779 manus
2533 2727 2838 2806 possunt,

720 2825 1004 2902 cogunt3
1047 2823 1115 2877 et
1154 2810 1237 2878 de
1279 2813 1637 2906 improviso
1680 2814 1763 2881 ad
1807 2816 2144 2884 Ciceronis
2174 2816 2451 2884 hiberna
2492 2817 2839 2901 advolant,

717 2914 1014 2984 nondum
1060 2916 1145 2985 ad
1202 2942 1354 2986 eum
1397 2918 1574 2987 fama
1615 2919 1697 2987 de
1741 2921 1974 2989 Titurii
2026 2936 2238 2990 morte
2292 2921 2563 3016 perlata.
2623 2926 2794 2996 Huic
2818 2921 2839 2948 ²

800 3132 851 3189 4.
878 3126 977 3179 1Πί.
1009 3124 1130 3180 scil.
1165 3127 1258 3199 qni
1287 3129 1344 3182 in
1371 3143 1538 3183 castra
1569 3148 1623 3183 se
1653 3149 1738 3182 re-

716 3216 980 3275 ceperant.
1022 3208 1276 3260 Nonnulli
1307 3208 1405 3278 leg.
1442 3209 1544 3262 alii.
1587 3207 1738 3262 Idem

716 3296 810 3337 est.
835 3284 1018 3337 Nostri
1039 3285 1197 3340 codd.
1222 3289 1312 3341 illi.

798 3363 850 3416 5.
888 3363 981 3416 Ad
1013 3366 1071 3418 T.
1121 3366 1401 3418 Labienum.
1457 3367 1738 3422 Hiemabat

714 3442 774 3494 in
794 3443 998 3509 Remis,
1015 3444 1072 3496 in
1099 3444 1335 3498 confinio
1358 3446 1734 3513 Trevirorum,

714 3540 857 3591 supr.
878 3542 925 3575 c.
962 3529 1053 3584 34.
1084 3524 1320 3578 Thomas
1341 3525 1613 3579 Hubertus
1636 3541 1739 3580 tra-

714 3598 796 3653 dit
820 3601 1038 3654 Labieni
1063 3617 1231 3656 castra
1247 3604 1404 3656 fuisse
1430 3604 1527 3657 sita
1558 3603 1625 3658 ad
1641 3605 1740 3659 flu-

711 3680 862 3737 vium
893 3681 1084 3748 Sabin,
1134 3683 1190 3734 in
1232 3702 1294 3736 eo
1332 3682 1450 3736 loco
1481 3684 1575 3737 ubi
1614 3704 1736 3757 pos-

714 3770 796 3812 tea
826 3763 1201 3815 monasterium
1231 3763 1522 3816 Leobiense
1539 3802 1557 3830 ,
1580 3766 1737 3835 quin-

713 3840 960 3911 quaginta
984 3842 1115 3895 mill.
1139 3860 1273 3914 pass.
1295 3862 1323 3895 a
1341 3844 1532 3899 castri·
1555 3844 1737 3898 Sabini

714 3930 768 3969 et
791 3919 976 3972 Cottae.

791 3998 919 4051 Car.
960 3999 1274 4055 XXXVIII.
1327 4022 1376 4055 1·
1424 4004 1499 4056 Re
1542 4004 1737 4056 demon·

710 4087 881 4129 etr-ata.
928 4078 1216 4151 Postquam
1260 4102 1409 4136 snam
1459 4084 1737 4138 victoriam

711 4171 1012 4210 narraverat
1027 4196 1043 4223 ,
1069 4172 1122 4211 et
1138 4161 1275 4232 quid
1295 4163 1351 4217 in
1377 4164 1560 4218 animo
1572 4165 1735 4220 habe-

714 4244 798 4285 ret
824 4250 1149 4306 exposuerat.
1188 4240 1264 4293 M.

1908 3150 1958 3183 3.
1991 3132 2124 3183 Duo.
2163 3129 2333 3184 Codd.
2377 3132 2617 3203 plerique
2647 3147 2702 3187 et
2728 3135 2845 3187 vul·

1822 3222 1946 3280 gatt.
1974 3211 2110 3263 duos.
2155 3212 2297 3264 Bene
2328 3212 2462 3273 duo‚·
2486 3231 2609 3265 nam
2641 3226 2846 3267 constat

1823 3308 1982 3342 casum
2025 3294 2338 3345 accusau'vum
2377 3293 2623 3343 masculam
2651 3298 2842 3362 generis

1821 3368 1925 3421 hoe
1945 3370 2028 3423 vel
2052 3369 2146 3421 illo
2173 3370 2334 3423 modo
2362 3372 2629 3424 enunciari
2664 3390 2837 3441 posse.

1820 3448 2003 3501 Nostri
2024 3462 2199 3501 autem
2220 3449 2377 3503 codd.
2395 3450 2526 3503 duos.
2562 3447 2693 3502 Vid.
2722 3463 2838 3504 not.

1823 3525 1889 3579 ad
1919 3546 1998 3580 vn
2015 3564 2032 3592 ,
2058 3529 2147 3581 33.

1907 3608 1955 3660 3.
1981 3608 2125 3659 Nihil
2134 3628 2231 3661 esse
2252 3613 2449 3679 negotii.
2477 3609 2599 3662 Non
2620 3607 2843 3664 difficile

1821 3698 1899 3739 est
1920 3686 2181 3758 leg-ionem
2198 3689 2443 3741 interfici.

1901 3767 2029 3820 Cn.
2057 3768 2312 3821 XXXIX.
2341 3786 2390 3822 1.
2418 3768 2696 3823 Ceutrones.
2712 3767 2836 3822 Vid.

1821 3843 1982 3898 indic.
2009 3865 2183 3918 geogr.

1907 3944 1955 3978 3.
1980 3927 2130 3979 Huic.
2157 3927 2278 3980 Scil.
2315 3926 2551 3979 Ciceroni,
2583 3926 2757 3981 Codd.
2788 3940 2843 3981 et

1820 4017 1947 4059 vett.
1978 4004 2099 4059 edd.
2137 4007 2376 4077 plerique
2406 4007 2605 4059 habent
2641 4008 2734 4058 huc
2757 4007 2839 4061 vel

1823 4086 1948 4139 huic.
1976 4089 2045 4138 At
2066 4086 2349 4139 Hotoman.
2382 4087 2618 4157 primm,
2646 4084 2839 4139 deinde

1822 4165 2087 4232 Davisius,
2114 4164 2460 4218 emendarunt
2496 4178 2550 4219 et
2591 4184 2840 4237 reposue-

1821 4258 1950 4299 runt
1973 4246 2081 4313 Ιιίες
2112 4264 2223 4299 non
2243 4246 2543 4311 male‚nam
2572 4263 2728 4316 graee.
2756 4246 2838 4299 in-
