3111 5147
715 505 859 603 196
976 505 1051 573 C.
1106 502 1410 573 JULII
1464 499 1961 568 CAESARIS
2015 498 2595 569 COMMENT.

702 639 946 707 inimici
979 634 1233 730 palam,
1268 632 1490 702 multis
1539 633 1734 700 etiam
1789 655 1868 699 ex
1918 631 2178 699 civitate
2221 632 2634 718 auctoribus,
2670 631 2815 701 euni

702 743 1188 812 interfecerunt.
1235 739 1550 809 Defertur
1595 761 1671 805 ea
1714 762 1818 806 res
1861 737 1943 805 ad
1988 741 2333 806 Caesarem.
2379 737 2498 805 Ille
2538 740 2816 826 veritus»,

702 850 882 944 quod
910 848 992 917 ad
1022 846 1241 942 plures
1274 840 1810 941 pertinebat²,ne
1835 845 2063 911 civitas
2089 867 2318 911 eorum
2348 843 2633 938 impulsu
2663 844 2818 913 defi-

702 970 883 1026 ceret
901 1009 919 1042 ,
947 958 1021 1023 L.
1056 952 1370 1021 Plancum
1402 975 1555 1019 cum
1589 948 1843 1044 legione
1874 974 1952 1018 ex
1978 949 2201 1044 Belgio
2235 949 2530 1019 celeriter
2557 952 2625 1019 in
2660 953 2819 1019 Car·

703 1077 895 1129 nutes
938 1059 1265 1154 proficisci
1281 1057 1501 1151 jubet,
1534 1056 1752 1150 ibique
1794 1056 2123 1140 hiemare;
2165 1081 2578 1150 quorumque
2620 1079 2819 1151 opera

704 1167 1090 1261 cognoverit
1123 1165 1500 1258 Tasgetium
1543 1162 1994 1250 interfectum,
2029 1163 2152 1231 hos
2194 1163 2703 1256 comprehensos
2738 1162 2822 1231 ad

705 1297 774 1341 se
815 1274 1091 1340 mittere.
1129 1271 1403 1339 Interim
1433 1270 1516 1338 ab
1547 1269 1852 1338 omnibus
1885 1271 2148 1363 Legatis
2179 1253 2820 1363 Quaestoribusquess

702 1378 940 1472 quibus
977 1375 1264 1470 legiones
1289 1374 1761 1464 transdiderat,
1784 1378 2023 1445 certior
2058 1375 2268 1445 factus
2295 1391 2427 1464 est,
2454 1377 2522 1443 in
2551 1321 2821 1444 hibernzi

704 1497 1127 1577 perventum,
1157 1481 1505 1576 locumque
1542 1482 1835 1551 hibernis
1866 1506 2006 1551 esse
2038 1483 2383 1550 munitum.

809 1591 1063 1657 XXVI.
1119 1588 1371 1657 Diebus
1402 1589 1662 1656 circiter
1688 1591 1855 1675 XV,
1882 1587 2119 1682 quibus
2144 1591 2213 1655 in
2242 1588 2519 1656 hiberna
2553 1602 2817 1656 ventum

704 1710 839 1781 est,
860 1695 1116 1762 initium
1151 1696 1472 1787 repentini
1509 1692 1827 1761 tumultus
1854 1713 1931 1761 ac
1956 1692 2336 1763 defectionis
2366 1708 2587 1762 ortum
2616 1708 2715 1762 est
2738 1693 2817 1760 ab

705 1801 1086 1893 Ambiorige
1132 1813 1200 1867 et
1253 1797 1596 1868 Cativolco
1617 1797 1673 1863 ¹:
1717 1800 1831 1891 qui
1875 1823 2079 1890 quum
2120 1798 2202 1866 ad
2242 1798 2402 1866 fines
2456 1802 2641 1892 regni
2682 1795 2814 1868 sui²

705 1906 951 1975 Sabino
969 1907 1310 1998 Cottaeque
1336 1918 1575 1997 praesto
1598 1901 1872 1970 fuissent
1881 1902 2482 2021 ,frumentumque
2466 1929 2533 1972 m
2553 1904 2821 1973 hiberna

706 2013 1328 2106 comportavissent,
1345 2007 1779 2076 Indutiomari
1798 2010 2053 2076 Treviri
2080 2010 2334 2075 nunciis
2358 2009 2653 2139 impulsi,
2673 2035 2819 2079 suos

706 2119 1242 2203 concitaverunt,
1276 2113 1623 2206 subitoque
1677 2115 2002 2207 oppressis
2050 2100 2542 2207 lignatoribus³,
2587 2139 2821 2210 magna

704 2249 908 2293 manu
942 2237 1157 2292 castra
1196 2205 1693 2315 oppugnatum*
1719 2234 2060 2287 venerunt.
2085 2221 2311 2309 Quum
2344 2170 2641 2290 celeriter
2673 2247 2817 2292 nos·

708 2333 793 2399 tri
830 2354 1013 2398 arma
1043 2330 1393 2423 cepissent,
1422 2324 1797 2418 vallumque
1837 2324 2313 2415 ascendissent,
2345 2342 2540 2420 atque
2576 2352 2707 2396 una
2740 2353 2818 2398 ex

707 2451 894 2530 parte
938 2435 1245 2527 Hispanis
1279 2431 1602 2524 equitibus
1640 2432 1923 2519 emissis,
1958 2435 2240 2526 equestri
2275 2431 2499 2527 praelio
2534 2436 2815 2528 superio-

709 2567 812 2611 res
857 2539 1165 2624 fuissent,
1206 2537 1548 2630 desperata
1596 2561 1701 2623 re,
1746 2537 1966 2607 hostes
2011 2563 2162 2608 suos
2204 2538 2287 2607 ab
2339 2543 2823 2673 oppugnatione

709 2647 1126 2716 reduxerunt.
1158 2647 1328 2712 Tum
1357 2668 1478 2711 suo
1510 2668 1695 2713 more
1731 2643 2337 2733 conclamaverunt,
2361 2647 2455 2715 uti
2479 2634 2712 2743 aliqui⁵
2742 2673 2820 2719 ex

713 2874 870 2926 multis
900 2876 1102 2926 civitatis
1119 2873 1413 2944 priten-apibus
1429 2872 1720 2934 auctoribus,

702 2954 868 3024 palam
880 2955 1224 3020 interfecerunt.
1239 2954 1726 3023 Inter-punctionem

1810 2873 1952 2944 gioni
1967 2872 2293 2944 cuique‚vid.
2309 2885 2489 2927 notam
2501 2875 2594 2928 lib.
2612 2893 2652 2941 1,
2667 2894 2711 2928 c.
2733 2875 2819 2929 52.

1893 2954 2018 3006 CAP.
2043 2955 2243 3006 XXVI.
2272 2954 2613 3025 1.Ambior1‘ge
2625 2955 2819 3008 etCati·

709 3034 972 3105 vulgatam
992 3034 1207 3087 restitue
1229 3050 1290 3085 ex
1309 3051 1509 3104 graeco:
1537 3037 1725 3084 ter-timu

702 3116 808 3182 jam
823 3114 946 3166 hunc
964 3133 1137 3165 annum
1155 3125 1426 3182 regnantem
1443 3116 1623 3164 inimici
1634 3133 1728 3182 pa·

714 3194 840 3258 lam,
861 3205 993 3257 etc.;
1025 3206 1078 3246 et
1097 3193 1221 3243 hunc
1250 3193 1388 3245 refer
1410 3190 1477 3243 ad
1507 3210 1721 3243 annum.

799 3293 849 3325 α.
877 3273 971 3325 Ad
989 3273 1149 3340 plures
1170 3271 1455 3340 pertinebat.
1487 3270 1726 3341 Vulgata

714 3350 862 3403 editt.
895 3350 1093 3402 hahent
1129 3350 1199 3399 ad
1227 3351 1388 3419 plum
1421 3370 1508 3401 ms.
1544 3350 1725 3402 Nostri

711 3427 944 3494 codices,
961 3441 1116 3499 atque
1130 3427 1597 3499 Oudendorpiani,
1616 3447 1726 3482 non

710 3520 1012 3579 agnoscunt.
1066 3506 1296 3560 Videtur
1350 3506 1601 3560 excidisse
1662 3527 1726 3561 ex

712 3587 1027 3658 praecedenti
1051 3588 1306 3640 vocabulo
1322 3606 1336 3639 τ
1352 3587 1559 3639 nullum
1582 3589 1725 3641 enim

713 3686 923 3720 sensum
952 3668 1124 3719 offert.
1488 3735 1492 3740 ,

793 3747 845 3800 3.
882 3747 1312 3817 Quaestoribusque.
1337 3747 1487 3799 Unus
1523 3758 1725 3799 tantum

712 3838 1088 3898 eratquaestor,
1098 3826 1174 3878 M.
1189 3827 1422 3890 Crassus,
1442 3824 1532 3879 sed
1553 3827 1727 3879 Caesar

712 3906 996 3977 generatim
1033 3904 1105 3959 de
1128 3904 1353 3959 ducibus
1376 3907 1631 3978 loquitur.
1660 3907 1723 3958 In

711 4003 854 4055 quo,
881 3985 954 4037 ait
982 3986 1196 4051 Morus,
1226 4005 1336 4039 non
1371 4005 1575 4038 summa
1604 3984 1726 4038 dili-

714 4065 916 4134 gentia,
936 4063 1003 4115 ad
1045 4084 1327 4119 numerum
1365 4078 1542 4118 exacta
1580 4083 1725 4135 qua·

717 4141 883 4195 tenda
919 4155 1010 4195 est.
1037 4144 1207 4198 Groec.
1239 4145 1397 4197 habet
1432 4146 1722 4213 zatipxouc.

722 4220 792 4273 At
812 4218 878 4273 de
899 4222 1257 4287 thoribus
1279 4223 1637 4294 peculiaribus
1655 4225 1729 4278 le-

1809 3034 1965 3086 volco.
2010 3034 2055 3085 Ii
2095 3046 2242 3086 erant
2285 3042 2430 3105 reges
2478 3034 2819 3097 Eburonum,

1811 3131 1954 3183 supr.
1979 3131 2025 3165 c.
2063 3119 2150 3175 24.
2190 3112 2395 3165 Ibidem
2424 3111 2492 3165 de
2534 3114 2728 3168 Sabino
2770 3127 2822 3167 et

1812 3191 1965 3244 Cotta
1987 3192 2166 3262 legatis
2183 3193 2373 3263 legioni
2398 3194 2707 3264 praepositis.

1894 3290 1944 3323 ².
1972 3272 2223 3342 Qudquum
2244 3271 2447 3341 adfines
2469 3275 2603 3341 regni
2621 3276 2710 3331 sui,
2725 3284 2814 3324 etc.

1810 3349 2047 3403 Primum
2061 3350 2215 3403 amici
2226 3352 2433 3404 obviam
2446 3350 2619 3421 legatis
2628 3350 2817 3416 ierant,

1809 3429 1986 3500 eisque
2004 3431 2325 3482 frumentum
2345 3427 2820 3502 suppeditaverant.

1894 3510 1943 3562 3.
1971 3510 2324 3578 Laeknatoribus.
2349 3511 2595 3582 Lignator
2608 3547 2625 3574 ,
2643 3511 2738 3581 qui
2755 3511 2821 3563 li-

1808 3606 1911 3659 gna
1939 3589 2136 3659 colligit
2164 3589 2220 3641 in
2252 3608 2403 3642 usum
2428 3589 2569 3642 valli.

1891 3674 1944 3728 ά.
1970 3669 2146 3722 Castra
2170 3680 2505 3738 oppugnatum.
2532 3670 2615 3720 Al,
2629 3687 2821 3739 pugna·

1812 3758 1926 3799 tum.
1945 3749 2028 3800 Al.
2048 3749 2117 3799 ad
2136 3760 2295 3799 castr-a
2324 3748 2660 3819 oppugnanda.
2687 3746 2822 3802 cod.

1811 3827 1992 3896 R.576
2003 3829 2053 3892 3,
2069 3828 2312 3880 adt-asem
2331 3828 2670 3899 obpugnatum.
2686 3825 2819 3882 cod.

1814 3906 1998 3976 5764,
2029 3908 2099 3958 ad
2124 3921 2281 3958 castra
2311 3907 2648 3978 obpugnanda.

1892 3987 1943 4038 5.
1966 3987 2192 4058 Aliqui...
2200 3987 2465 4058 pmdirent.
2485 3987 2567 4039 Al.
2596 3987 2823 4057 «Equis...

1801 4066 2033 4136 prodiret.
2066 4067 2145 4120 Ita
2186 4085 2398 4137 quoque
2428 4064 2586 4119 codd.
2618 4065 2825 4130 nostri3

1811 4143 1952 4237 unde
1997 4146 2132 4200 hanc
2179 4146 2458 4201 lectionem
2500 4163 2679 4200 veram
2719 4161 2833 4199 esse

1810 4242 2060 4296 mpncor.
