3111 5147
974 543 1050 610 C.
1104 540 1389 609 JULII
1444 537 1914 608 CAESARIS
1968 536 2518 607 COMMENT.

693 676 1068 770 cognoscit,
1096 698 1241 769 quae
1283 671 1460 767 apud
1503 674 1893 741 Ciceronem
1937 684 2286 763 gerantur,
2328 685 2710 765 quantoque
2748 672 2821 740 in

692 780 988 877 periculo
1031 806 1134 850 res
1178 782 1278 850 sit.
1322 783 1491 847 Tum
1529 777 1789 847 cuidam
1827 801 1908 844 ex
1943 776 2270 869 equitibus
2315 776 2520 846 Gallis
2564 781 2827 873 magn'ss

694 890 977 984 praemiis
1014 885 1365 982 persuadet
1388 939 1407 972 ,
1451 888 1548 953 uti
1591 884 1674 952 ad
1718 886 2109 953 Ciceronem
2161 883 2503 976 epistolam
2546 884 2823 954 deferat.

692 997 887 1064 Hanc
931 996 1180 1064 Graecis
1222 994 1665 1085 conscriptam
1707 987 1981 1066 litteris
2020 990 2251 1076 mittit,
2295 1015 2411 1076 ne,
2414 992 2827 1086 intercepta

694 1100 1000 1194 epistola,
1028 1113 1254 1169 nostra
1278 1099 1363 1166 ab
1393 1098 1691 1168 hostibus
1717 1096 1988 1166 consilia
2000 1111 2511 1190 cognoscantur.
2542 1100 2613 1166 Si
2642 1098 2826 1166 adire

697 1231 833 1276 non
857 1209 1118 1343 possit,
1155 1219 1416 1291 monet,
1461 1219 1537 1273 ut
1571 1188 1938 1298 tragulam³
1965 1227 2118 1271 cum
2153 1201 2427 1297 epistola
2474 1203 2560 1272 ad
2599 1228 2824 1273 amen-

696 1327 840 1381 tum
857 1300 1223 1407 ⁴deligata,
1260 1314 1433 1379 intra
1461 1313 1859 1379 munitiones
1895 1325 2261 1390 castrorum
2293 1310 2574 1402 abjiciat.
2602 1314 2686 1379 In
2721 1310 2825 1380 lit·

700 1420 856 1488 teris
880 1419 1138 1506 scribit,
1163 1442 1232 1486 se
1259 1442 1411 1487 cum
1445 1416 1809 1512 legionibus
1833 1415 2202 1511 profectum
2233 1414 2530 1485 celeriter
2555 1417 2821 1486 adfore·

697 1526 1006 1594 hortatur
1035 1540 1125 1595 ·ut
1175 1526 1518 1619 pristinam
1564 1527 1877 1593 virtutem
1922 1525 2215 1591 retineat.
2263 1521 2530 1608 Gallus,
2614 1527 2824 1593 ericu-

699 1629 838 1700 lum
881 1634 1130 1702 veritus
1152 1686 1171 1719 ,
1213 1646 1289 1699 ut
1330 1646 1474 1700 erat
1515 1645 1953 1725 praeceptum,
1989 1627 2314 1723 tragulam
2356 1631 2559 1698 mittit
2603 1682 2618 1698 .
2663 1634 2824 1699 Haec

701 1762 859 1807 casu
900 1739 984 1806 ad
1028 1740 1262 1807 turrim
1300 1738 1574 1806 adhaesit
1592 1761 1851 1829 ,neque
1893 1736 1976 1804 ab
2012 1738 2253 1805 nostris
2274 1736 2492 1808 biduo
2532 1735 2820 1808 animad-

700 1867 930 1931 versa,
964 1847 1159 1912 tertio
1192 1845 1298 1911 die
1333 1868 1372 1910 a
1406 1843 1693 1937 quodam
1730 1841 1932 1910 milite
1968 1844 2404 1937 conspicitur.
2442 1841 2713 1970 dempta
2744 1842 2825 1912 ad

704 1951 1094 2018 Ciceronem
1130 1948 1440 2018 defertur
1485 1947 1606 2017 Ille
1650 1947 2056 2043 perlectam
2038 1975 2104 2017 in
2135 1941 2509 2017 conventu
2545 1949 2825 2018 militum

704 2057 974 2144 recitat,
1015 2057 1426 2149 maximaque
1478 2080 1708 2126 omnes
1755 2053 1975 2124 laetitia
2018 2041 2257 2124 adficit.
2301 2057 2471 2123 Tum
2523 2055 2747 2124 fumi
2732 2083 2825 2124 in-

702 2161 1135 2232 cendiorum⁷
1180 2161 1413 2257 procul
1456 2164 1881 2233 videbantur:
1919 2187 2065 2256 quae
2109 2187 2212 2231 res
2255 2185 2521 2230 omnem
2567 2162 2825 2232 dubita·

702 2269 950 2338 tionem
995 2269 1316 2378 adventus
1357 2269 1691 2364 legionum
1733 2265 2001 2364 expulit.

698 566 849 613 220

792 2470 820 2504 2
830 2492 842 2504 .
859 2452 1006 2503 Hanc
1015 2454 1188 2523 graecis
1207 2453 1516 2522 conscriptam
1534 2451 1720 2504 litteris.

709 2529 830 2584 Non
884 2531 1056 2601 solum
1110 2531 1496 2584 characteribus
1545 2530 1725 2601 graecis

707 2623 927 2663 exaratae
955 2610 1173 2676 litterae,
1199 2608 1291 2663 sed
1316 2622 1369 2663 et
1392 2611 1611 2663 vocibus
1634 2608 1726 2663 ⁴ex.-

708 2707 915 2760 pressae.
947 2686 1089 2741 Vide
1109 2708 1250 2761 supr.
1270 2690 1306 2742 l.
1332 2708 1354 2741 1
1372 2727 1388 2755 ,
1411 2709 1456 2744 c.
1494 2710 1587 2761 ²9·

763 2769 815 2821 3.
853 2766 1279 2837 TraguIamNid.
1305 2788 1449 2840 supr.
1480 2770 1602 2834 1.,1,
1630 2770 1721 2823 25.

769 2854 821 2911 4.
833 2847 1105 2901 Amentam.
1121 2849 1155 2900 J
1157 2849 1321 2913 acula,
1335 2849 1457 2902 alias
1468 2869 1629 2902 manu
1646 2869 1726 2903 so-

706 2925 820 2979 lum
839 2928 963 2980 alias
980 2926 1097 2980 loro
1113 2928 1348 2981 revincta
1362 2930 1721 2984 mittebantur.

707 3006 790 3059 Ita
815 3021 1046 3059 amentum
1070 3010 1218 3080 ἅμμα
1241 3009 1470 3062 ἀκοντῖων
1486 3011 1724 3076 ,vinclum

698 3089 993 3157 jaculorum}
1025 3090 1125 3142 ὅθεν
1166 3091 1431 3157 κατέχεται
1465 3092 1495 3147 ἦ
1536 3096 1722 3162 λόγχῃ

710 3167 767 3217 id
786 3173 879 3239 qui)
902 3180 1084 3219 tenetur
1104 3170 1258 3220 kasta.
1281 3167 1490 3221 Festus:
1506 3182 1718 3234 amenta,

711 3247 877 3319 quibus
891 3253 1104 3298 utemini
1115 3251 1326 3317 possint,
1348 3251 1626 3299 vinciantur
1636 3251 1722 3320 ja-

707 3325 834 3377 cula.
860 3326 984 3379 Fuit
1013 3340 1188 3379 autem
1222 3326 1399 3378 lorum
1429 3328 1723 3381 revinctum

707 3404 765 3456 in
776 3403 946 3457 media
956 3406 1117 3471 hasta,
1126 3403 1271 3476 quod
1284 3406 1462 3457 manui
1470 3405 1663 3460 deinde
1674 3421 1726 3461 et

705 3484 1029 3577 primoribus
1043 3483 1218 3555 digitis
1233 3484 1502 3555 illigahant
1519 3486 1725 3554 leviter-3

706 3562 763 3614 in
781 3564 973 3616 emissu
995 3574 1200 3628 autem,
1232 3582 1353 3615 cum
1385 3564 1588 3636 impetu
1619 3567 1722 3618 sol-

705 3640 954 3695 vendum.
978 3643 1207 3697 Seneca''
1192 3662 1247 3694 in
1273 3642 1507 3717 Hippoly
1514 3657 1605 3699 to.

764 3716 1016 3775 Amentum
1038 3729 1086 3774 di
1072 3729 1193 3790 igitis
1215 3728 1353 3775 tende
1371 3746 1426 3790 pr
1403 3730 1628 3786 rioribus,

765 3800 827 3845 Et
849 3801 958 3845 totis
976 3801 1182 3861 jaculum
1204 3800 1351 3862 dirige
1376 3801 1569 3848 viribus.

703 3878 837 3945 Quis
874 3882 939 3935 sit
982 3893 1156 3935 motus
1190 3883 1427 3954 corporis
1472 3881 1537 3936 ad
1578 3883 1722 3937 hunc

703 3959 989 4052 torquendi
1015 3975 1067 4015 et
1087 3960 1353 4035 jaculandi
1379 3962 1597 4018 modum
1627 3983 1719 4036 ape

703 4039 932 4092 tissimus
947 4078 963 4106 ,
986 4060 1204 4113 prorsus
1231 4044 1520 4115 ignoratur.

787 4119 838 4171 5.
876 4112 1158 4190 Tragulam
1169 4127 1329 4175 mittat.
1360 4123 1493 4189 Dio,
1524 4123 1561 4177 l.
1617 4143 1717 4189 XL,

699 4200 844 4256 Ωσσις
893 4201 1013 4252 αὐτὸ
1042 4194 1064 4261 (
1089 4193 1347 4269 ἀκόντιον)
1392 4205 1454 4262 ὡς
1505 4204 1550 4262 ἐς
1605 4224 1715 4264 reu<

704 4276 993 4344 πολεμίους,
1032 4282 1149 4349 πρὸς
1197 4282 1374 4352 πύργον
1432 4279 1716 4344 ἐξεπίτηδες

1808 2449 2101 2520 προσέταξε.
2146 2448 2249 2503 Sed
2298 2470 2363 2503 ex
2414 2451 2613 2505 Caesare
2655 2449 2829 2522 liquet

1807 2548 1918 2582 uon
1943 2530 2003 2582 de
2026 2531 2282 2594 Industria,
2316 2528 2409 2585 sed
2436 2549 2560 2584 casu
2591 2531 2827 2604 jaculum

1810 2610 1944 2662 turri
1971 2609 2127 2663 fuisse
2149 2610 2389 2664 infixum.
2410 2612 2593 2664 Davrs.

1858 2696 1863 2699 ’
1891 2693 1943 2742 6.
1964 2689 2023 2741 In
2047 2703 2288 2743 conventa.
2311 2690 2426 2743 Hoc
2443 2692 2562 2744 loco
2576 2690 2823 2744 Hotman.

1807 2766 2085 2840 distinguit
2120 2781 2390 2822 conventum
2420 2790 2451 2824 a
2489 2771 2745 2824 concione
2772 2782 2828 2823 et

1809 2866 1839 2900 a
1872 2848 2122 2914 consilio;
2153 2863 2215 2902 ut
2240 2850 2306 2902 sit
2347 2850 2595 2903 consiliam
2612 2889 2630 2916 ,
2659 2869 2826 2923 quum

1806 2927 2001 2999 legati,
2028 2928 2262 2993 tribuni,
2300 2944 2614 3001 quaestoreS,
2640 2943 2826 2984 centu·

1806 3009 1983 3061 riones
2023 3008 2279 3079 primipili
2314 3024 2570 3062 vocantur
2596 3024 2650 3063 et
2674 3008 2828 3063 adhi-

1808 3087 2003 3141 bentur
2042 3084 2108 3139 ad
2154 3086 2588 3154 deliberandum3
2636 3092 2829 3155 concio,

1808 3186 1973 3238 quum
1988 3168 2159 3220 omnis
2175 3168 2430 3221 exercitus
2458 3169 2627 3220 cietur
2654 3167 2719 3220 ad
2748 3170 2824 3229 al-

1806 3246 2150 3312 locutionem;
2173 3260 2420 3301 conventas
2431 3289 2447 3310 ‚
2465 3266 2627 3318 quum
2640 3248 2831 3317 proxi-

1809 3327 1883 3378 mi
1906 3328 2101 3398 quique
2113 3328 2406 3399 principes,
2436 3338 2520 3379 aut
2544 3324 2735 3379 delecti
2755 3345 2827 3381 ex

1809 3404 2086 3458 ordinibus
2118 3425 2146 3457 a
2174 3405 2335 3473 duce,
2360 3418 2716 3459 convocantur
2748 3404 2827 3460 de

1808 3505 1866 3537 re
1890 3485 2138 3555 qualibet.
2160 3485 2309 3540 Hanc
2332 3483 2726 3539 distinctionem
2747 3504 2830 3539 re·

1807 3562 2017 3637 darguit
2040 3565 2312 3620 Davisius:
2346 3585 2411 3619 an
2438 3564 2594 3637 jure?
2613 3565 2825 3631 nesci03

1807 3663 1932 3697 nam
1959 3657 2208 3696 conventas
2226 3659 2303 3698 est
2322 3646 2636 3716 plerumque
2654 3643 2831 3698 delec-

1808 3736 1890 3779 tus
1904 3762 1920 3790 ,
1935 3724 2121 3777 electio
2133 3724 2413 3777 hominum
2430 3725 2487 3777 in
2504 3722 2695 3777 eodem
2708 3725 2826 3777 loco

1807 3801 2206 3870 advocatorum3
2222 3802 2363 3857 unde
2376 3802 2643 3857 Conventus
2651 3802 2827 3875 hispa-

1804 3883 1944 3948 nici,
1967 3879 2156 3946 (hodie
2183 3884 2251 3936 les
2280 3880 2510 3949 cortes),
2537 3882 2606 3936 de
2633 3884 2825 3955 quibus

1804 3961 1971 4029 infra3
1998 3976 2050 4016 et
2080 3964 2207 4016 olim
2235 3961 2376 4036 apud
2395 3964 2589 4035 Anglos
2611 3965 2655 4015 le
2684 3961 2831 4015 Cove-

1804 4056 1957 4106 nant,·
1998 4044 2190 4096 nostris
2232 4062 2359 4096 vero
2390 4043 2750 4114 temporibus,
2778 4042 2825 4094 la

1807 4122 2118 4185 Οοηνεητίοιι,
2136 4143 2329 4177 nomen
2359 4135 2693 4194 acceperunt.

1887 4223 1938 4275 7.
1968 4200 2017 4256 T
2013 4224 2089 4255 um
2101 4204 2233 4270 sami
2246 4203 2580 4256 incendiorum.
2600 4202 2828 4256 Notatur

1808 4282 1864 4336 h.
1896 4284 1932 4336 l.
1965 4297 2017 4336 et
2038 4283 2205 4351 infra,
2231 4284 2267 4337 l.
2296 4301 2399 4337 vm
2417 4321 2431 4349 ,
2457 4294 2701 4336 constans
2720 4281 2826 4335 (ζει
