3111 5147
734 521 885 614 luo
1019 527 1095 598 C.
1150 527 1441 597 JULII
1496 528 1977 599 CAESARIS
2030 527 2588 599 COMMENT.

836 663 891 729 1.
925 661 1129 730 Omni
1149 658 1366 730 Gallia
1380 659 1642 730 devicta
1665 658 1710 749 ¹,
1746 663 1972 731 Coesar
1988 685 2197 756 quum
2216 663 2554 756 superiore
2586 674 2810 732 aestate
2835 656 2865 687 ⁸

729 765 983 858 nullum
1027 764 1312 836 bellandi
1348 781 1608 862 tempus
1657 768 2138 856 intermisisset,
2159 766 2525 863 militesque
2558 767 2870 838 hiberno-

729 895 878 943 rum
927 876 1145 969 quiete
1186 872 1457 944 reficere
1500 897 1541 942 a
1586 875 1782 943 tantis
1836 872 2172 944 laboribus
2214 865 2444 963 vellet-3
2483 873 2869 970 complures

729 979 964 1049 eodem
1005 995 1306 1075 tempore
1357 981 1659 1050 civitates
1702 1003 2024 1051 renovare
2078 979 2231 1052 belli
2287 981 2556 1052 consilia
2600 983 2866 1051 nuntia-

730 1086 1004 1173 bantur,
1029 1086 1647 1181 conjurationesque
1667 1085 1901 1158 facere.
1922 1088 2131 1182 Cujus
2157 1090 2252 1157 rei
2273 1087 2640 1158 verisimilis
2666 1112 2872 1157 causa

730 1191 1133 1261 afferebatur
1151 1246 1171 1280 ‚
1211 1192 1393 1286 quod
1432 1187 1641 1263 Gallis
1677 1194 1982 1263 omnibus
2028 1196 2368 1290 cognitum
2403 1208 2610 1282 esset,
2650 1219 2870 1288 neque

731 1296 863 1366 ulla
893 1297 1343 1388 multitudine,
1380 1301 1448 1368 in
1481 1323 1691 1369 unum
1729 1300 1947 1371 locum
1975 1316 2239 1390 coacta,
2266 1303 2476 1371 resisti
2504 1323 2697 1396 posse
2728 1302 2873 1370 Ro-

733 1406 943 1474 manis
962 1390 1023 1491 ³3
1065 1427 1223 1494 nec,
1260 1407 1314 1474 si
1348 1406 1607 1476 diversa
1652 1406 1821 1475 belle
1862 1406 2239 1503 complures
2278 1408 2515 1477 eodem
2564 1422 2870 1502 tempore

732 1511 1003 1581 inissent
1019 1498 1046 1543 ⁴
1081 1513 1378 1583 civitates
1394 1567 1413 1601 ‚
1453 1514 1611 1583 satis
1652 1512 1872 1582 auxilii
1893 1568 1913 1602 ‚
1952 1529 2070 1583 aut
2100 1516 2325 1610 spatii,
2360 1529 2477 1583 ¹aut
2519 1515 2866 1609 copiarum

731 1617 1115 1687 habiturum
1129 1621 1490 1689 exercitum
1515 1619 1744 1715 populi
1762 1623 2021 1690 romani
2037 1620 2120 1690 ad
2142 1623 2363 1691 omnia
2382 1620 2867 1717 persequenda:

734 1748 871 1792 non
911 1749 1052 1794 esse
1078 1739 1299 1794 aunem
1335 1724 1531 1795 alicui
1572 1728 1818 1795 civitati
1845 1742 2105 1796 sortem*
2125 1727 2528 1797 incommodi
2559 1750 2871 1797 recusau-

735 1828 910 1918 dam,
938 1832 989 1898 si
1007 1830 1121 1900 tali
1139 1817 1351 1899 mora⁵
1371 1831 1636 1926 reliquae
1653 1839 1921 1928 possent
1943 1859 2013 1903 se
2029 1834 2362 1904 vindicare
2380 1836 2447 1902 in
2471 1833 2865 1903 libertatem.

839 1937 929 2003 ΙΙ.
986 1938 1158 2025 Quae
1217 1955 1302 2006 ne
1355 1939 1582 2033 opinio
1643 1937 1987 2009 Gallorum
2045 1940 2584 2028 confirmaretur,
2645 1940 2875 2008 Caesar

737 2041 833 2109 Μ.
891 2042 1254 2111 Antonium
1306 2059 1700 2139 quaestorem
1752 2049 1885 2116 suis
1934 2045 2266 2141 praefecit¹
2304 2047 2594 2115 hibernis
2634 2071 2648 2112 ε
2697 2047 2872 2140 ipse,

736 2170 892 2217 cum
936 2150 1264 2244 equitatus
1322 2151 1626 2246 proesidio
1684 2149 1892 2248 pri‘die
1935 2151 2061 2222 kal.
2110 2155 2148 2220 J
2150 2154 2452 2222 annarias
2494 2152 2581 2220 ab
2623 2149 2872 2245 oppido

737 2254 1041 2325 Bibracte
1070 2257 1509 2352 proficiscitur
1536 2259 1621 2328 ad
1658 2260 2017 2354 Legionem
2052 2282 2180 2328 xm
2204 2256 2252 2346 ²,
2279 2281 2477 2353 quam
2514 2281 2653 2327 non
2675 2255 2873 2350 longe

739 2383 780 2428 a
829 2360 1071 2434 finibus
1122 2364 1490 2434 AEduorum
1551 2364 1992 2435 collocaverat
2046 2368 2115 2433 in
2170 2365 2411 2434 finibus
2457 2366 2828 2458 Biturigum
2850 2417 2874 2450 ‚

741 2468 930 2562 eique
983 2469 1280 2563 adjungit
1333 2469 1658 2563 legionem
1714 2496 1818 2562 xi,
1854 2495 2001 2567 quae
2057 2473 2358 2567 proxima
2399 2471 2635 2540 fuerat.
2694 2470 2873 2539 Binis

822 2649 951 2703 Cu’.
980 2651 1027 2704 I.
1075 2669 1124 2705 ι.
1169 2651 1320 2705 Omni
1352 2651 1522 2706 Gallia
1557 2653 1757 2708 devicta.

740 2730 897 2782 Anno
928 2728 1074 2783 urbis
1095 2729 1324 2784 condita
1355 2750 1555 2796 occur,
1577 2732 1760 2786 Servio

741 2808 970 2879 Sulpitio
995 2810 1061 2875 Q.
1089 2806 1148 2863 F.
1179 2812 1350 2877 Rufo,
1368 2824 1421 2865 et
1436 2812 1512 2865 M.
1534 2811 1762 2869 Claudio

741 2887 820 2941 M.
845 2888 905 2942 F.
925 2889 1180 2944 Marcello
1202 2891 1520 2945 consulibua.

829 2987 878 3021 a.
917 2968 1170 3040 Superior-e
1207 2983 1391 3025 oestate.
1421 2971 1544 3024 Non
1590 2971 1763 3025 solum

744 3046 811 3100 ab
838 3060 1013 3102 astate
1037 3052 1162 3103 anni
1196 3070 1344 3121 702,
1368 3049 1461 3103 sed
1491 3063 1545 3103 et
1572 3052 1639 3103 ab
1667 3070 1762 3103 ωε-

743 3139 850 3181 tate
875 3128 1000 3181 anni
1030 3130 1317 3201 superioris
1346 3148 1502 3183 :nam
1531 3127 1762 3183 vidimus

745 3208 784 3272 l,
810 3226 925 3271 vn,
956 3226 1003 3260 c.
1045 3211 1173 3263 8-
1194 3228 1294 3275 10,
1338 3208 1540 3262 bellum
1579 3223 1764 3262 contra

743 3286 1232 3360 Vercingetorigem
1255 3298 1309 3343 et
1345 3291 1612 3343 Arvernos
1654 3308 1763 3341 non

743 3365 902 3420 fnisse
933 3368 1303 3421 intermissum.
1342 3368 1483 3421 Male
1519 3368 1766 3421 nonnulli

746 3442 924 3499 delent
934 3448 1376 3519 praepositionem.
1393 3445 1557 3502 Adest
1569 3448 1625 3500 in
1639 3467 1763 3502 nos·

745 3524 839 3577 tris
864 3525 1022 3580 codd.
1041 3564 1059 3592 ,
1080 3539 1135 3580 et
1152 3527 1440 3581 necessaria
1464 3540 1560 3581 eet.

829 3605 878 3658 3.
899 3607 1078 3659 Resisti
1088 3626 1234 3678 posse
1260 3607 1504 3660 Romanis.
1522 3602 1648 3660 Haec
1662 3607 1765 3661 leo-

748 3684 822 3737 tio
835 3698 913 3739 est
925 3683 1223 3739 emendatio
1237 3686 1594 3741 recentiorum
1607 3705 1620 3739 :
1635 3706 1760 3740 nam

745 3761 902 3819 codd.
921 3765 1031 3819 fere
1045 3780 1227 3820 omnes
1245 3766 1613 3821 habentresisti
1623 3787 1763 3838 posse

746 3863 778 3897 a
796 3843 1041 3899 Romanis.
1063 3844 1132 3899 Et
1147 3847 1384 3918 phrasim
1398 3859 1563 3901 totam
1586 3847 1658 3899 ita
1679 3845 1763 3898 in·

752 3935 1069 3997 terpretatur
1083 3924 1326 3982 Clarkins
1348 3946 1363 3980 ε
1387 3924 1656 3980 Romanos
1670 3945 1764 3981 ne-

746 4022 879 4075 que,
897 4006 955 4058 in
980 4025 1147 4060 unum
1177 4011 1353 4060 coactis
1382 4008 1579 4079 copiis,
1609 4006 1763 4061 resis-

745 4092 855 4137 tere
875 4100 1141 4156 possetam
1158 4088 1757 4159 multismlocis,neque,

745 4161 907 4216 divisi-s
935 4167 1102 4238 copiis
1141 4169 1381 4222 resistere
1414 4187 1569 4239 posse
1607 4179 1763 4221 tanta

744 4243 1093 4299 multitudini.
1124 4248 1195 4299 At
1221 4260 1465 4302 contorta
1494 4247 1653 4301 nimis
1685 4248 1765 4299 vi·

1846 2652 2003 2707 detur
2048 2655 2160 2708 hoc
2199 2656 2479 2727 explicatio
2512 2673 2527 2708 :
2557 2673 2720 2727 quare
2760 2672 2874 2706 eer-

1845 2731 2017 2786 vanda
2030 2745 2107 2786 est
2118 2735 2276 2787 lectio
2292 2734 2503 2805 vulgata
2515 2772 2533 2800 ,
2550 2735 2635 2786 vel
2654 2734 2698 2786 ai
2710 2728 2872 2787 codd.

1845 2812 2127 2866 lectionem
2167 2811 2519 2866 revocandam
2573 2812 2872 2877 censueris,

1846 2893 2115 2963 oportebit
2135 2893 2307 2964 legere
2322 2912 2355 2943 a
2371 2912 2422 2946 se
2437 2894 2689 2945 Roman.
2707 2892 2775 2946 Se
2790 2910 2879 2946 ex·

1846 2969 1977 3025 cidit
2005 2970 2142 3025 forte
2166 2972 2374 3025 incuria
2399 2973 2763 3026 librariorum.

1928 3057 1959 3115 4
1969 3091 1982 3103 .
1996 3051 2216 3105 luissent.
2232 3052 2591 3106 Inchoaesent.
2604 3052 2731 3118 Alii,
2741 3056 2873 3104 ὑαι-

1848 3130 2026 3183 lissent.
2067 3130 2112 3182 E
2143 3130 2313 3202 glossa
2326 3170 2344 3197 ,
2374 3145 2436 3184 ut
2459 3130 2727 3185 affirmant
2756 3131 2877 3184 Ou-

1847 3207 2010 3264 dend.
2025 3221 2077 3262 et
2092 3210 2276 3264 Oberl.
2294 3212 2455 3265 Recte
2469 3223 2642 3264 tamen
2670 3207 2880 3264 dicitnr

1848 3291 2022 3356 Infert-e
2038 3288 2225 3343 bellum.

1932 3370 1984 3423 5.
2011 3370 2128 3422 Tala·
2137 3390 2286 3424 mora.
2302 3364 2876 3443 Exspectando,donec

1847 3450 2145 3520 complures
2158 3451 2435 3515 exercitus,
2444 3446 2658 3502 diversis
2671 3446 2877 3503 inlocis

1848 3526 2095 3582 adversus
2107 3530 2372 3583 Romanos
2379 3530 2650 3595 bellantes,
2660 3546 2749 3582 eos
2759 3547 2879 3581 sen-

1847 3608 1948 3661 sim
1974 3606 2347 3663 debilitassent.
2377 3610 2454 3662 M.
2474 3607 2632 3663 Haud
2651 3608 2875 3661 malesa-

1849 3707 1981 3740 num
1996 3701 2141 3742 certe
2158 3688 2441 3742 consilium
2453 3727 2470 3755 ,
2486 3688 2531 3742 si
2548 3687 2608 3742 id
2631 3686 2871 3741 unanimi

1846 3786 2105 3822 consensu
2129 3769 2275 3841 sequi
2299 3768 2592 3822 voluissent
2617 3768 2787 3833 Galli;
2818 3778 2873 3819 at

1848 3860 1954 3900 tam
1997 3847 2261 3919 praclarae
2301 3848 2525 3901 omnino
2559 3850 2733 3921 impar
2760 3857 2873 3901 erat

1847 3926 2143 3981 concordia
2162 3940 2340 3981 nostra
2363 3928 2552 3981 Gallia.

1925 4007 2056 4061 Car.
2085 4007 2158 4060 Π.
2190 4027 2239 4062 1.
2266 4008 2515 4077 Proefecit.
2534 4004 2621 4062 Al.
2640 4004 2863 4080 praeficit.

1932 4107 1983 4141 a.
2010 4087 2267 4158 Legionem
2292 4088 2452 4142 XIII.
2484 4087 2659 4142 Codd.
2690 4103 2871 4140 omnes

1851 4164 1984 4225 XII.
2022 4164 2218 4221 Errore
2258 4169 2494 4236 librarii,
2536 4181 2599 4223 ut
2633 4178 2781 4241 patet
2809 4183 2872 4223 ct

1852 4266 1965 4320 cap.
1997 4247 2054 4300 II
2078 4247 2235 4319 hujus
2259 4247 2401 4302 libri.
