3111 5147
529 524 666 592 DE
717 527 1062 596 BELLO
1115 529 1605 599 GALLICO.
1664 533 1849 601 LIB.
1903 534 2081 601 VII.
2238 554 2383 627 297

261 653 373 722 tiis
394 653 478 723 ad
509 657 1118 754 Vercingetorigem
1146 647 1637 755 perferuntur⁶t
1664 688 1861 757 quem
1892 662 2220 759 perterriti
2246 688 2387 731 om·

262 783 385 829 nes
427 762 710 832 Arverni
753 768 1242 835 circumsistunt
1287 782 1483 862 atque
1529 769 1880 839 obsecrant
1903 825 1922 859 ,
1961 785 2038 839 ut
2080 770 2210 839 suis
2255 768 2389 838 for-

263 869 446 936 tunis
475 868 777 940 consulat
798 925 819 959 ,
848 897 978 941 neu
1008 897 1078 942 se
1107 874 1192 941 ab
1219 872 1518 943 hostibus
1544 873 1738 970 diripi
1767 878 2093 970 patiatur3
2120 899 2390 970 praeser-

264 974 386 1041 tim
406 999 614 1069 quum
645 978 863 1047 videat
879 1033 898 1067 ‚
928 1004 1125 1049 omne
1143 979 1226 1049 ad
1245 1005 1314 1050 se
1353 979 1599 1049 bellum
1636 981 2046 1053 translatum.
2085 983 2393 1071 Quorum

260 1077 373 1148 ille
415 1083 722 1175 precibus
774 1101 1112 1179 permotus
1137 1140 1158 1174 ,
1196 1101 1412 1156 castra
1462 1112 1544 1156 ex
1597 1089 1998 1182 Biturigibus
2049 1102 2273 1157 movet
2322 1088 2393 1154 in

266 1187 605 1258 Arvernos
644 1214 890 1260 versuS.

374 1296 493 1363 IX.
548 1298 638 1366 At
679 1299 903 1366 Caesar
925 1353 946 1386 ‚
973 1297 1246 1367 biduum
1275 1299 1342 1371 in
1373 1299 1449 1368 iis
1481 1298 1641 1370 locis
1674 1315 1969 1370 moratus
1991 1298 2217 1395 ,quod
2252 1298 2395 1368 haec

266 1396 355 1468 de
409 1403 949 1499 Vercingetorige
1003 1428 1127 1473 usu
1183 1403 1514 1474 ventura¹
1572 1407 1881 1502 opinione
1941 1419 2396 1502 praeceperat,

265 1530 388 1601 per
420 1532 687 1579 causam
727 1509 1162 1605 supplementi
1194 1512 1649 1606 equitatusque
1682 1511 1961 1632 cogendi
1990 1511 2074 1580 ab
2104 1512 2396 1581 exercitu

267 1611 587 1704 discedit3
625 1619 905 1685 Brutum
958 1615 1496 1687 adolescentem
1478 1620 1555 1688 iis
1598 1620 1802 1713 copiis
1855 1616 2174 1712 praeficit3
2214 1617 2398 1686 hune

271 1735 544 1810 monet,
571 1736 648 1790 ut
686 1724 757 1790 in
798 1746 1029 1793 omnes
1069 1737 1289 1817 partes
1332 1724 1583 1817 equites
1626 1748 1824 1818 quam
1850 1721 2204 1792 'latissime
2248 1746 2396 1817 per-

270 1775 599 1920 vagentur
627 1854 642 1895 ε
675 1828 985 1898 daturum
1015 1853 1084 1897 se
1115 1852 1388 1924 operam
1408 1882 1429 1916 ,
1463 1854 1548 1898 ne
1585 1830 1842 1924 longius
1875 1828 2096 1898 triduo
2135 1812 2219 1897 ab
2255 1852 2396 1897 cas-

269 1933 391 2001 tris
419 1934 606 2003 absit.
649 1937 770 2004 His
806 1935 1176 2005 constitutis
1207 1936 1403 2004 rebus
1425 1990 1444 2024 ‚
1473 1938 1605 2005 suis
1636 1936 2127 2031 inopinantibus
2151 1988 2171 2023 ,
2198 1958 2400 2029 quam

269 2040 572 2109 maximis
619 2056 837 2136 potest
878 2041 1217 2111 itineribus
1241 2095 1262 2129 ‚
1278 2043 1608 2111 Viennam
1662 2042 1980 2137 pervenit.
2020 2040 2124 2109 Ibi
2165 2055 2401 2109 nactus

271 2159 606 2214 recentem
647 2148 1010 2241 equitatum
1028 2201 1050 2234 ‚
1083 2172 1282 2241 quem
1320 2145 1544 2218 multis
1571 2161 1724 2217 ante
1761 2147 1992 2217 diebus
2028 2170 2110 2217 eo
2141 2147 2395 2241 praemi-

272 2265 453 2319 serat
470 2305 490 2340 ‚
525 2277 733 2347 neque
776 2252 1013 2322 diurno
1053 2278 1266 2348 neque
1299 2262 1653 2323 'nocturno
1710 2254 1938 2321 itinere
1984 2254 2353 2321 intermisso
2377 2304 2399 2340 ,

267 2381 396 2454 per
423 2357 588 2428 fines
625 2361 993 2430 AEduorum
1034 2361 1103 2428 in
1133 2362 1465 2455 Lingones
1503 2358 1844 2430 contendit
1863 2412 1884 2447 ‚
1926 2357 2040 2426 ubi
2077 2361 2145 2426 Π
2191 2356 2390 2452 legio·

270 2489 388 2535 nes
424 2465 847 2555 hiemabant3
878 2482 955 2536 ut
978 2520 999 2554 ,
1030 2469 1082 2536 si
1112 2466 1272 2560 quid
1309 2468 1507 2534 etiam
1540 2464 1624 2535 de
1656 2489 1772 2535 sua
1803 2463 2010 2534 salute
2047 2463 2133 2532 ab
2171 2462 2399 2532 AEduis

270 2572 549 2641 iniretur
588 2571 878 2660 consilii,
921 2572 1256 2644 celeritate
1307 2588 1763 2668 praecurreret.
1795 2573 1896 2641 Eo
1929 2596 2135 2666 quum
2166 2595 2397 2666 perve-

272 2681 475 2748 nisset
493 2733 514 2768 ‚
568 2678 654 2748 ad
709 2678 991 2774 reliquas
1057 2679 1346 2775 legiones
1414 2681 1616 2750 mittit
1633 2733 1654 2768 ‚
1704 2680 2016 2774 priusque
2064 2678 2131 2745 in
2187 2702 2399 2746 unum

271 2782 496 2855 locum
557 2809 787 2855 omnes
843 2787 1071 2880 cogit,
1123 2809 1323 2880 quam
1387 2785 1468 2856 de
1531 2787 1673 2879 ejus
1737 2784 2027 2853 adventu
2085 2784 2399 2853 Arvernis

276 2892 566 2961 nuntiari
603 2907 841 2987 posset.
889 2894 1032 2959 Hac
1071 2916 1144 2960 re
1187 2892 1486 2985 cognita,
1512 2890 2015 2985 Vercingetorix
2061 2914 2287 2957 rursus
2331 2891 2399 2956 in

273 2998 600 3117 Bituriges
651 3000 1009 3068 exercitum
1061 2991 1359 3085 reducit;
1401 3010 1598 3089 atque
1648 2995 1803 3063 inde
1852 2992 2188 3089 profectus
2230 2997 2401 3064 Ger

276 3105 580 3199 goviam,
625 3106 940 3175 Boiorum
1000 3087 1362 3198 oppidum³
1368 3154 1389 3188 ,
1429 3126 1596 3196 quos
1630 3100 1738 3168 ibi
1783 3098 2127 3169 Helvetico
2176 3097 2400 3193 praelio

281 3326 408 3387 pote
429 3333 546 3386 quas
569 3314 992 3388 prestantissima
1015 3325 1068 3367 et
1096 3312 1304 3385 pericn-
1388 3331 1476 3364 usu
1491 3314 1651 3374 venit,
1669 3309 1727 3364 id
1746 3323 1824 3364 est
1845 3308 2061 3376 accidit,
2077 3309 2267 3364 evenit.
2288 3310 2399 3364 Cic.

281 3395 536 3448 lenissima
551 3395 735 3460 fuerit,
751 3393 894 3458 ideo,
917 3412 1028 3446 non
1042 3391 1206 3445 modo
1222 3393 1302 3446 rei
1387 3409 1464 3457 nr,
1490 3392 1650 3445 Verr.
1679 3391 1830 3463 Quod
1845 3410 1934 3461 ego
1958 3394 2009 3444 in
2032 3393 2224 3462 paucis,
2249 3401 2403 3441 tamen

281 3474 527 3527 militaris
565 3474 892 3546 peritorum,
922 3472 1015 3526 sed
1061 3473 1303 3525 omnium
1388 3491 1476 3524 usu
1499 3474 1686 3523 venisse
1710 3492 1765 3524 eo
1780 3472 1967 3524 moleste
1979 3471 2108 3539 sero.
2136 3468 2286 3523 Idem
2314 3489 2402 3535 nr,

282 3553 641 3625 quorumlibet
655 3571 855 3625 magnae
878 3552 1048 3606 laudis
1073 3571 1133 3605 ac
1152 3552 1303 3605 fama
1386 3548 1635 3604 Academ.
1660 3552 1741 3605 At
1762 3571 1855 3603 non
1875 3550 2087 3604 valemus
2107 3552 2195 3602 hoc
2214 3569 2302 3601 usu
2322 3569 2407 3600 ve-

281 3633 573 3686 amantium
582 3631 1015 3686 meditationibus
1028 3633 1174 3685 omni
1189 3650 1301 3685 avo
1387 3635 1491 3683 nire
1505 3671 1519 3693 ,
1552 3643 1609 3683 ut
1634 3650 1751 3703 quos
1780 3649 2018 3704 nunquam
2052 3641 2346 3699 putassem&
2371 3646 2406 3678 a

282 3712 590 3785 dignissima
618 3711 904 3765 videbitur.
1387 3710 1521 3763 nobis
1537 3713 1950 3781 intemciposse.
1974 3709 2045 3761 Et
2058 3708 2183 3761 alibi
2193 3708 2404 3779 passim.

365 3796 421 3847 6.
437 3793 708 3859 Hoecsama
721 3812 779 3843 ac
791 3795 969 3844 nuntiis
973 3793 1296 3862 perferuntur.
1473 3809 1522 3843 2.
1542 3789 1719 3859 Quam.
1739 3790 1900 3842 Recte
1911 3808 1975 3841 ex
1995 3786 2153 3840 codd.
2169 3788 2277 3839 fere
2295 3803 2406 3838 om·

283 3869 424 3926 cod.
455 3869 523 3925 R.
559 3872 709 3942 5763
729 3910 745 3936 ,
773 3873 875 3923 ltoec
890 3873 1031 3939 sama
1060 3890 1119 3922 ac
1147 3873 1307 3921 nuntii
1386 3868 1562 3921 nibus.
1577 3868 1789 3939 Lipsius
1803 3867 2038 3940 reposuit
2053 3886 2174 3938 qua,
2196 3876 2249 3919 et
2265 3864 2409 3918 hunc

277 3953 605 4022 perfiet-untur:
622 3952 828 4004 Vitiose
842 3948 1148 4003 admodum.
1164 3947 1303 4002 Cod.
1391 3948 1558 4002 secuti
1586 3958 1708 4000 sunt
1734 3945 1883 4000 editt.
1914 3946 2245 4017 posteriores.

289 4033 441 4101 5764
456 4068 475 4096 ‚
496 4032 599 4082 hoec
611 4032 753 4098 sama
779 4051 837 4081 ac
865 4034 1020 4082 nuntii
1035 4029 1299 4100 pedet-urm·
1473 4028 1524 4081 3.
1563 4024 1882 4096 Gergoviam,
1908 4025 2139 4078 Boiorum
2168 4023 2405 4096 oppidum.

286 4129 398 4163 non
415 4110 552 4163 male
576 4123 743 4176 certe,
758 4123 810 4164 et
834 4111 971 4163 forte
998 4106 1300 4181 elegantius.
1387 4106 1615 4177 Scaliger
1632 4125 1743 4158 non
1772 4106 1886 4159 sine
1912 4105 2174 4178 probabili
2200 4104 2404 4157 ratione

282 4188 391 4244 sed
417 4189 554 4243 nihil
585 4189 914 4244 mutandum.
1387 4199 1687 4257 suspectum
1708 4184 1893 4238 habuit
1908 4185 2011 4238 hoc
2035 4203 2245 4238 nomen.
2266 4184 2405 4238 Nam

369 4269 498 4325 Cu.
512 4270 611 4325 11.
639 4289 688 4325 1.
718 4270 818 4325 Usu
831 4282 1049 4326 ‘venem-a.
1072 4269 1194 4328 Um
1209 4287 1301 4325 seu
1385 4267 1483 4322 etsi
1507 4265 1625 4322 fieri
1644 4266 1847 4340 potuit,
1867 4278 1928 4322 ut
1952 4263 2072 4320 dum
2094 4265 2250 4320 urbes
2271 4267 2402 4336 ejus.-
