3111 5147
488 2 645 12 -,-.,-.,-,.

729 495 873 637 ιὲι,
1035 552 1112 621 c.
1166 502 1444 619 sumi
1499 546 1960 618 cAEsAals
2013 546 2559 614 COMMENT.

716 700 833 753 aut
866 709 1028 771 aere,
1052 698 1167 753 aut
1191 681 1448 751 annulis
1481 683 1739 770 ferreis,
1754 681 1838 748 ad
1864 694 2119 748 certum
2141 677 2403 774 pondus
2431 679 2839 767 examinatis,

715 817 842 886 pro
884 776 1216 860 nummo⁶.
1253 774 1567 860 Nascitur
1606 787 1696 856 ibi
1739 786 2084 882 plumbum
2129 785 2391 854 album⁷
2432 787 2497 854 in
2535 784 2836 854 mediter-

714 899 931 967 raneis
982 898 1392 993 regionibuS,
1433 898 1503 963 in
1552 895 1895 963 maritimis
1937 893 2225 980 ferrum3
2269 891 2385 961 sed
2427 893 2566 1020 eg'us
2609 893 2839 985 exigua

715 1019 816 1073 est
871 1007 1062 1100 copia
1115 1029 1129 1070 t

1178 1029 1306 1072 aere
1367 1016 1651 1070 utuntur
1706 1002 2081 1095 importato.
2146 1000 2427 1067 Materia
2523 999 2836 1092 cujusque

716 1114 1007 1206 generiS,
1041 1126 1116 1179 ut
1168 1111 1236 1178 in
1289 1107 1539 1197 Gallia,
1584 1122 1712 1195 est,
1747 1121 1987 1201 praeter
2029 1107 2253 1200 fagum
2297 1119 2494 1199 atque
2537 1104 2832 1173 abietem.

595 1197 605 1211 ²
715 1219 1079 1310 Leporem,
1104 1231 1170 1284 et
1198 1214 1537 1309 gallinam,
1555 1229 1626 1282 et
1654 1238 1951 1282 anserem
1982 1213 2276 1308 gustare,
2296 1211 2393 1280 fas
2419 1235 2555 1280 non
2574 1225 2835 1305 putant;

715 1322 857 1405 liaec
902 1338 1124 1391 tamen
1168 1322 1354 1391 alunt
1405 1323 1605 1389 animi
1659 1318 2143 1416 voluptatisque
2193 1342 2407 1387 causa.
2463 1321 2644 1386 Loca
2687 1332 2836 1386 sunt

716 1430 1216 1523 temperatiora,
1253 1427 1453 1523 quam
1499 1430 1567 1496 in
1612 1425 1859 1515 Gallia,
1904 1425 2377 1494 remissioribus
2430 1423 2780 1518 frigoribus
2790 1422 2832 1491 ⁹.

822 1537 1012 1603 XIII.
1070 1534 1295 1603 Insula
1340 1548 1580 1602 natura
1621 1532 1971 1627 triquetra¹
1989 1584 2008 1619 ‚
2052 1532 2238 1625 cujus
2279 1556 2487 1599 unum
2530 1529 2701 1600 latus
2742 1544 2837 1599 est

715 1655 951 1709 contra
989 1639 1294 1711 Galliam.
1342 1641 1558 1733 Hujus
1611 1638 1831 1708 lateris
1882 1636 2049 1707 alter
2086 1635 2365 1731 angulus
2388 1690 2407 1726 ,
2448 1638 2562 1730 qui
2607 1652 2708 1706 est
2754 1635 2832 1705 ad

717 1750 1066 1837 Cantium,
1101 1773 1233 1840 quo
1284 1746 1422 1816 fere
1465 1770 1696 1815 omnes
1748 1770 1828 1812 ex
1880 1742 2094 1814 Gallia
2136 1768 2337 1812 naves
2389 1742 2832 1838 appelluntur,

800 1943 854 1992 6.
864 1940 1130 1991 Utuntur...
1117 1959 1233 2009 ,μιν
1246 1956 1450 1989 nummo.
1460 1936 1732 2002 Hocloco,

718 2018 854 2070 mira
890 2017 1131 2070 lectionis
1173 2017 1395 2069 varietas
1434 2017 1587 2070 inest.
1628 2016 1735 2068 Alii

714 2098 926 2169 legunt.
954 2097 1166 2149 Utuntur
1183 2109 1471 2159 autemoere,
1489 2108 1579 2148 aut
1598 2116 1734 2147 nm·

720 2197 824 2240 mo,
858 2188 947 2228 aut
978 2178 1087 2230 aliis
1118 2180 1310 2245 set-reis.
1359 2177 1497 2241 Alii,
1539 2188 1738 2229 utuntur

719 2269 808 2309 aut
847 2277 994 2322 «τωο,
1028 2269 1140 2320 aut,
1176 2269 1264 2309 etc.
1306 2257 1444 2321 Alii,
1471 2277 1590 2309 auro
1632 2275 1733 2329 pro

718 2357 860 2391 cereo.
881 2337 1015 2403 Alii,
1034 2350 1121 2389 aut
1135 2337 1324 2389 annulis
1330 2337 1522 2404 [ενα-εἱς.
1550 2336 1634 2388 ΑΙ.
1649 2348 1737 2387 aut

719 2417 895 2469 lanceis
912 2419 1102 2486 semis.
1135 2418 1219 2470 Al.
1259 2428 1346 2468 aut
1388 2416 1525 2469 taleis
1540 2418 1731 2483 fiet-reis.

715 2496 950 2549 Faernus
992 2498 1180 2549 laminis
1207 2498 1401 2563 ser-mk.
1445 2497 1491 2547 A
1527 2493 1735 2548 duobus

716 2573 876 2629 codd.
892 2578 1082 2629 absunt
1103 2596 1197 2648 pro
1221 2595 1423 2628 nummo.
1449 2576 1735 2629 Oberlinus

716 2668 924 2707 secutus
954 2668 1030 2708 est
1045 2674 1197 2726 groec.
1218 2655 1438 2726 interpr.
1456 2650 1734 2717 δακτυλίοις

718 2730 1005 2804 σιδηρινοῖς,
1042 2745 1102 2785 ut
1152 2734 1258 2787 sint
1308 2734 1490 2786 annuli
1543 2735 1700 2789 ferrei
1717 2775 1734 2803 ,

715 2814 924 2865 nummi
959 2811 1024 2866 ad
1074 2813 1299 2885 effigiem
1341 2806 1503 2867 efficti
1548 2833 1736 2868 eorum

717 2893 912 2963 quibus
940 2905 1166 2945 utuntur
1204 2894 1657 2959 ChinenseS‚ubi,
1689 2896 1733 2948 si

717 2991 835 3043 quae
860 2973 1083 3027 interius
1108 2970 1362 3045 quadrata
1379 2976 1547 3026 forma
1570 2976 1735 3028 excis-

716 3070 771 3104 sa
802 3066 924 3106 sunt
937 3092 954 3119 ,
995 3052 1061 3106 ad
1102 3053 1388 3108 rotundam
1422 3055 1735 3109 exteriorem

714 3131 938 3186 formam
951 3133 1175 3206 redigas,
1187 3135 1348 3187 habes
1362 3135 1543 3187 annuli
1558 3154 1737 3206 quam-

715 3209 838 3265 dam
861 3215 1087 3286 speciem
1110 3206 1204 3281 Θ.
1231 3212 1334 3266 Sed
1364 3214 1465 3267 hoc
1494 3233 1641 3266 mera
1653 3216 1733 3267 vi-

714 3289 872 3345 detur
915 3295 1230 3364 conjectura.
1275 3294 1459 3345 Malim
1497 3295 1608 3345 talis
1630 3296 1736 3361 sen-

716 3376 830 3432 reis,
852 3383 911 3423 ut
936 3372 1149 3443 conjicit
1170 3374 1413 3438 Vossius,
1432 3385 1521 3425 aut
1544 3374 1732 3426 laminis

705 3452 907 3516 sien-eis,
941 3464 1002 3504 ut
1025 3452 1140 3503 vult
1171 3452 1418 3504 Faernus.
1447 3450 1732 3505 Nostrico·

716 3526 856 3583 dices
887 3532 1037 3601 5763
1053 3570 1069 3597 ,
1097 3532 1245 3603 5764
1264 3549 1277 3583 :
1298 3544 1732 3600 utuntur-autam,

714 3621 810 3659 aut·
838 3631 1027 3663 nummo
1064 3631 1212 3673 cereo,
1245 3623 1332 3663 aut
1368 3612 1503 3663 taleis
1526 3613 1730 3679 fimas,

712 3689 783 3738 ad
791 3703 967 3742 certum
974 3691 1164 3763 pondus
1175 3688 1478 3753 autumatis,
1487 3712 1585 3763 pro
1602 3711 1733 3744 num-

711 3786 803 3821 mo.
850 3770 994 3836 Quid
1034 3790 1166 3824 vero
1218 3771 1324 3824 sint
1365 3772 1510 3825 taleae
1550 3765 1730 3825 senene

710 3846 970 3903 incertum
984 3863 1078 3904 est.
1096 3852 1247 3903 Talea
1265 3853 1481 3923 proprie
1500 3852 1731 3905 frustum

709 3927 837 3999 ligni
866 3932 1143 4001 praecisum
1184 3951 1246 3984 ex
1289 3945 1508 4004 utraque
1547 3944 1729 4003 parte,

709 4021 770 4059 ut
798 4010 853 4060 in
874 4020 1010 4062 terra
1031 4013 1302 4065 inseratur.
1327 4012 1561 4065 Praecisis
1586 4011 1728 4064 enim

705 4085 879 4155 lignis,
892 4090 974 4141 vel
993 4090 1168 4161 pedali
1184 4092 1265 4143 vel
1281 4093 1498 4145 cubitali
1519 4092 1727 4162 magni·

706 4164 893 4219 tudine
906 4206 922 4231 ,
936 4170 1203 4222 nonnullae
1222 4172 1432 4224 arbores
1447 4190 1603 4224 serun
1609 4184 1725 4236 tur;

706 4243 867 4315 idque
891 4247 1093 4317 lig-num
1122 4251 1398 4320 praeisum
1424 4268 1595 4321 groco
1625 4267 1724 4304 no-

1819 1936 1963 1989 mine
1974 1936 2202 2007 generali
2218 1936 2350 1999 ξὺλον
2367 1974 2385 2002 ,
2398 1936 2560 1988 latine
2572 1954 2700 1989 vero
2716 1935 2831 1986 aulea

1819 2014 2046 2081 dicitur,
2087 2016 2269 2086 gallice
2313 2015 2521 2068 boatum.
2566 2015 2683 2069 Hoc
2723 2017 2832 2068 loco

1820 2097 1992 2147 taleam
1996 2098 2208 2164 fimum
2230 2096 2562 2167 interpretari
2580 2097 2747 2168 possis
2760 2096 2829 2148 la-

1818 2176 2017 2228 minam
2031 2176 2254 2234 ferream
2261 2175 2539 2246 oblongam
2546 2189 2599 2228 et
2608 2187 2830 2237 tenuem,

1818 2255 1903 2308 vel
1945 2256 2203 2326 virgulam
2246 2256 2469 2308 ferream
2517 2253 2583 2307 ad
2634 2269 2831 2309 certum

1818 2334 2028 2407 pondus
2051 2335 2422 2400 examinatam,
2443 2353 2548 2406 qua
2566 2347 2831 2389 uterentur

1818 2415 2059 2468 Britanni
2084 2434 2185 2486 pro
2212 2433 2449 2467 nummo.
2473 2416 2555 2466 Ita
2574 2415 2831 2468 habebant

1821 2507 1875 2550 et
1892 2496 2055 2548 frusta
2072 2495 2191 2548 oria
2217 2512 2319 2566 pro
2348 2495 2596 2548 nummis.

1903 2594 1956 2647 7.
1997 2571 2229 2629 Nascitur
2269 2573 2336 2627 ibi
2364 2575 2609 2645 plumbum
2660 2575 2827 2627 album.

1820 2656 2107 2722 Stannum,
2150 2656 2436 2727 κασσίτερες
2457 2694 2476 2722 ,
2516 2655 2577 2707 de
2626 2656 2791 2707 l'e'tain
2810 2694 2826 2717 ,

1820 2734 1924 2788 Adi
1950 2735 2088 2788 Plin.
2120 2735 2188 2788 H.
2220 2735 2339 2787 N.1.
2367 2754 2511 2801 1v‚c.
2548 2738 2635 2789 16.

1902 2818 1953 2870 8.
1971 2816 2198 2868 Materia.
2227 2816 2455 2868 Arbores
2469 2853 2486 2880 ,
2510 2816 2740 2867 frutices.
2755 2814 2827 2866 Μ.

1903 2914 1954 2964 9.
1987 2895 2342 2946 Remissioribus
2356 2894 2643 2964 srIgoribus.
2666 2894 2829 2947 Tacit.

1820 2974 2005 3026 scribit
2032 2975 2221 3027 coelum
2246 2973 2601 3027 britannicum
2641 2975 2833 3027 crebris

1820 3050 2113 3116 imbribus(
2126 3050 2365 3125 pruinis)
2379 3052 2577 3107 soedum
2604 3073 2621 3121 ς
2644 3053 2735 3108 sed
2757 3073 2833 3107 as·

1819 3135 2093 3203 peritatem
2126 3135 2383 3205 frigorum
2413 3135 2606 3186 abesse.
2639 3131 2835 3187 Eadem

1820 3226 1873 3266 et
1897 3212 2058 3266 hodie
2079 3214 2194 3268 coeli
2219 3214 2406 3285 ang-lici
2426 3215 2716 3285 temperies.

1900 3294 2027 3345 Cu’.
2060 3295 2214 3346 XIII.
2254 3314 2300 3347 1.
2346 3294 2512 3346 Insula
2540 3306 2713 3343 natm-a
2745 3298 2833 3343 tri-

1820 3384 2000 3453 queem.
2034 3374 2113 3425 Ex
2148 3373 2246 3425 hac
2278 3387 2513 3426 accurata
2545 3372 2833 3424 Britanniae

1819 3449 2172 3524 descriptione
2188 3454 2401 3506 fuerunt
2420 3472 2510 3524 qui
2496 3452 2835 3522 colligerent

1817 3532 1974 3584 hosce
1992 3533 2409 3586 Commentarios
2436 3552 2543 3585 non
2578 3550 2688 3585 esse
2719 3533 2833 3585 Cae-

1816 3613 1970 3677 saris»,
1992 3630 2133 3677 cum,
2148 3612 2249 3664 nisi
2281 3611 2539 3666 Claudio
2525 3623 2833 3683 imperante,

1816 3710 1925 3743 non
1955 3694 2248 3745 constiterit
2262 3706 2442 3745 utrum
2463 3693 2625 3745 fuerit
2647 3691 2830 3756 insula,

1816 3790 1913 3824 nec
1931 3791 2014 3824 ne.
2047 3772 2171 3824 Vid.
2194 3773 2353 3825 Dion.
2368 3773 2407 3825 l.
2423 3790 2680 3844 xxxtx‚p.
2704 3791 2726 3825 1
2742 3777 2828 3833 τά.

1816 3864 1867 3903 et
1884 3852 2049 3904 Tacit.
2084 3852 2139 3904 in
2172 3853 2345 3923 Agric.
2378 3871 2424 3905 c.
2471 3871 2553 3905 10.
2590 3850 2695 3905 Sed
2721 3852 2830 3903 haec

1815 3949 1877 3983 ex
1908 3931 2045 3983 fama
2082 3930 2273 3987 didicit
2314 3932 2517 3998 Caesar,
2550 3944 2611 3984 ut
2650 3944 2703 3985 et
2744 3930 2829 3983 illa

1814 4029 1929 4082 quae
1944 4010 2010 4064 de
2025 4012 2366 4064 interioribus
2381 4012 2651 4064 Britannis
2675 4008 2831 4076 dicit3'

1812 4109 1935 4142 nam
1977 4091 2044 4143 ad
2086 4111 2176 4144 eos
2210 4109 2483 4162 nunquam
2515 4090 2827 4162 penetravit.

1812 4170 2066 4224 Praeterea
2095 4189 2203 4223 non
2235 4169 2368 4222 adeo
2388 4184 2630 4223 accurata
2646 4184 2724 4223 est
2742 4168 2833 4221 dess

1810 4249 2047 4322 scriptiO,
2056 4251 2187 4320 quin
2200 4248 2267 4303 sit
2278 4270 2327 4302 ei
2313 4235 2828 4304 contradicendum:
