3111 5147
552 573 689 640 DE
742 573 1085 642 BELLo
1139 532 1628 657 GALLmo.
1687 576 1873 645 [ΛΒ.
1928 576 2105 646 vn.
2266 600 2415 674 299

280 724 413 796 que
452 701 743 774 hostium
787 704 1105 800 impetum
1148 729 1392 800 magno
1445 708 1666 775 animo
1705 709 2083 777 sustineant.
2137 708 2417 779 Duabus

279 809 605 902 Agendici
658 808 1022 905 legionibus
1078 827 1276 906 atque
1329 812 1810 907 impedimentis
1852 816 2052 884 totius
2092 818 2416 885 exercitus

283 914 562 1004 relictis,
603 915 687 985 ad
723 919 916 987 Boios
958 918 1412 1013 proficiscitur.

393 1024 511 1090 XI.
549 1021 773 1092 Altero
804 1025 908 1094 die
933 1050 1138 1119 quum
1180 1024 1267 1095 ad
1318 1025 1635 1121 oppidum
1683 1028 2018 1095 Senonum
2056 1025 2418 1097 'Vellauno-

281 1125 538 1222 dunum
566 1132 849 1200 venisset
868 1185 888 1220 ‚
918 1157 1001 1200 ne
1029 1157 1222 1227 quern
1254 1147 1405 1227 post
1430 1157 1499 1202 se
1529 1132 1787 1202 hostem
1823 1132 2218 1227 relinqueret
2238 1186 2257 1220 ‚
2283 1159 2417 1227 quo

282 1235 686 1329 expeditiore
711 1262 783 1305 re
817 1237 1245 1308 frumentaria
1275 1252 1574 1308 uteretur
1597 1293 1616 1327 ‚
1660 1263 2049 1335 oppugnare
2101 1241 2417 1330 instituit,

283 1338 484 1434 idque
525 1341 724 1413 biduo
782 1344 1337 1414 circumvallavit:
1393 1347 1587 1414 tertio
1627 1345 1731 1415 die
1769 1347 1980 1415 missis
2040 1371 2121 1414 ex
2169 1344 2417 1441 oppido

282 1445 514 1542 legatis
571 1449 654 1519 de
708 1449 1037 1521 deditione
1066 1507 1085 1541 ‚
1126 1476 1306 1521 arma
1363 1451 1647 1547 proferri
1679 1450 1722 1539 ¹,
1754 1452 2054 1545 jumenta
2094 1452 2374 1545 produci
2396 1504 2418 1535 ‚

281 1554 410 1622 DC
451 1555 711 1625 obsides
751 1557 893 1626 dari
918 1559 1122 1653 jubet.
1168 1561 1267 1627 Ea
1310 1560 1423 1653 qui
1466 1558 1857 1646 conficeret,
1893 1561 1970 1628 C.
2010 1557 2417 1628 Trebonium

284 1656 575 1753 legatum
612 1660 959 1757 relinquit:
989 1666 1127 1760 ipse
1145 1719 1165 1753 ‚
1189 1679 1264 1734 ut
1293 1689 1489 1759 quam
1521 1666 1810 1759 prinmm
1843 1667 1969 1733 iter
1999 1663 2357 1733 conficeret
2370 1661 2416 1749 ²,

285 1767 638 1836 Genabum
689 1772 1062 1839 Carnutum
1093 1824 1113 1859 ,
1135 1813 1144 1822 ·
1164 1770 1604 1866 proficiscitur
1636 1825 1656 1859 ,
1706 1773 1819 1865 qui
1850 1825 1869 1859 ‚
1921 1785 2065 1840 tum
2124 1772 2416 1864 primum

282 1868 481 1942 allato
518 1877 753 1944 nuntio
781 1874 864 1944 de
889 1880 1381 1972 oppugnatione
1395 1875 2139 1971 Vellaunoduni‚quum
2158 1874 2418 1969 longius

284 2000 432 2046 eam
462 2004 600 2049 rem
630 1981 902 2051 ductum
923 1983 1000 2050 iri
1027 1986 1495 2069 existimarent,
1511 1981 1885 2078 praesidium
1901 1981 2160 2052 Genabi
2189 1980 2420 2051 tuendi

282 2106 524 2220 causaa,
551 2086 728 2180 quod
759 2112 838 2156 eo
869 2089 1205 2157 mitterent
1224 2075 1274 2175 ³,
1304 2089 1799 2183 comparabant.
1842 2090 1993 2157 Huc
2027 2086 2230 2156 biduo
2264 2112 2414 2183 per·

284 2190 474 2257 venit
526 2217 541 2259 ε
567 2195 792 2265 castris
813 2207 966 2262 ante
993 2192 1311 2288 oppidum
1335 2193 1561 2288 positis
1576 2246 1595 2280 ‚
1618 2192 1744 2262 diei
1766 2207 2066 2288 tempore
2088 2192 2416 2276 exclusus,

278 2295 350 2362 in
393 2311 729 2390 posterum
767 2301 1326 2395 oppugnationem
1360 2297 1585 2367 differt
1604 2353 1624 2387 ,
1653 2323 1929 2393 quaeque
1961 2298 2045 2369 ad
2086 2323 2231 2367 eam
2274 2323 2415 2368 rem

278 2403 428 2471 usui
471 2403 599 2472 sint
627 2458 648 2492 ,
677 2404 988 2475 militibus
1021 2406 1302 2502 imperat
1329 2430 1345 2472 ε
1387 2418 1491 2493 et,
1521 2403 1702 2535 guod
1721 2404 2037 2501 oppidum
2063 2404 2413 2475 Genabum

275 2531 448 2602 pons
501 2509 786 2582 fluminis
834 2513 1087 2608 Ligeris
1129 2512 1509 2583 continebat
1557 2564 1578 2600 ,
1631 2513 1878 2583 veritus
1902 2565 1922 2601 ,
1961 2537 2045 2583 ne
2090 2525 2294 2581 noctu
2330 2535 2415 2582 ex

273 2614 524 2712 oppido
553 2617 1014 2714 profugerent,
1038 2618 1201 2688 duas
1231 2618 1520 2715 legiones
1542 2621 1611 2687 in
1632 2620 1830 2689 armis
1859 2619 2184 2689 excubare
2200 2619 2407 2714 jubet.

355 2796 488 2852 Cu».
503 2798 601 2852 XI.
625 2815 676 2852 1.
693 2799 851 2852 Arma
865 2801 1093 2871 proferri.
1115 2802 1182 2853 Τὸ
1205 2819 1301 2871 pro
1382 2805 1614 2871 primam,
1637 2801 1750 2854 sine
1760 2818 1929 2866 mora,
1947 2799 2267 2856 contendere
2283 2820 2409 2874 pos·

273 2877 360 2932 bis
373 2877 430 2931 in
449 2878 621 2932 tribus
634 2879 810 2932 verbis
826 2880 1111 2951 repetitum
1131 2880 1304 2952 ingra-
1392 2881 1460 2934 sit
1492 2879 1758 2935 Genabum.
1785 2880 2003 2951 Optime
2031 2881 2269 2934 oberlin.
2300 2879 2408 2936 dis·

275 2969 394 3010 tum
422 2957 598 3010 visum
619 2970 697 3012 est
728 2957 1151 3031 Oudendorpi03
1180 2977 1308 3030 qua·
1392 2960 1705 3013 tinctionem
1736 2959 1948 3010 sustulit
1976 2972 2097 3029 post
2138 2959 2405 3030 corficeoee,

275 3049 501 3108 propter
522 3056 586 3090 ex
601 3037 863 3109 ‘Bongam
891 3057 974 3109 pr.
1005 3037 1306 3105 Vossianis,
1392 3050 1445 3092 et
1474 3037 1850 3109 transportavit
1878 3049 1998 3108 post
2013 3037 2337 3103 Carnutum,
2353 3049 2409 3094 et

279 3116 484 3172 lovan.
518 3129 572 3170 et
601 3116 714 3170 aliis
743 3117 1056 3189 praeferebat
1082 3120 1304 3185 conferri.

278 3193 396 3267 Ego
425 3214 639 3270 qnoque
671 3198 726 3249 in
755 3195 873 3250 cod.
905 3199 968 3251 R.
991 3197 1174 3267 5763,
1198 3197 1305 3251 ins·

279 3277 405 3348 pexi
433 3277 660 3330 verbum
689 3278 922 3345 conferri,
958 3273 1103 3348 quod
1134 3277 1305 3348 reipsa

279 3355 473 3408 melius
486 3357 759 3424 convenit3
774 3375 898 3410 nam
911 3357 967 3409 in
988 3373 1152 3408 unum
1168 3375 1308 3410 acer-

281 3451 412 3487 vum
441 3434 670 3489 dedititii
685 3436 855 3490 solent
880 3455 1023 3490 arma
1036 3436 1303 3502 conferre,

281 3513 499 3585 quando
530 3535 588 3569 ea
618 3517 859 3587 proferre
890 3528 1170 3587 coguntur.

369 3614 420 3647 a.
443 3595 578 3666 Ipse,
602 3609 656 3648 ut
681 3615 818 3668 quam
837 3600 1049 3667 primam
1077 3600 1169 3648 iter
1191 3615 1304 3647 con·

283 3671 469 3739 ficeret,
495 3686 583 3728 etc.
617 3675 857 3747 Vulgatae
886 3675 1036 3730 editt.
1071 3675 1267 3728 habent
1281 3713 1298 3742 ,

283 3755 576 3821 iter-faceret.
598 3753 757 3807 Unde
771 3756 935 3808 mirus
945 3754 1155 3809 videtur
1169 3757 1304 3809 Vos-

283 3834 364 3886 sio
389 3832 642 3905 loquendi
663 3834 851 3889 modus
866 3875 882 3901 ‚
899 3834 1233 3907 proficiscitur,
1253 3848 1309 3887 ut

284 3917 641 3985 quamprimum
656 3916 928 3982 iret-faciat.
947 3916 1014 3967 Et
1026 3928 1147 3986 post
1159 3913 1305 3968 hunc

284 3994 465 4045 Davis.
494 3993 671 4047 Clark.
702 4007 753 4047 et
774 3995 862 4048 alii
879 3993 1217 4066 disputarunt
1236 3991 1304 4047 dc

285 4069 620 4125 emendando
641 4074 742 4127 hoc
768 4074 902 4127 loco.
927 4076 994 4126 At
1018 4074 1153 4125 nihil
1169 4072 1302 4126 mihi

285 4149 342 4202 in
376 4152 475 4203 hac
508 4152 686 4224 phrasi
727 4155 1011 4207 obscurum
1041 4153 1124 4206 vel
1155 4153 1302 4206 inco-

285 4230 491 4284 haerens
531 4231 758 4287 videtur.
780 4266 859 4277 —-
873 4231 1224 4304 proficiscitur,
1246 4230 1302 4285 id

287 4323 394 4380 est,
438 4312 613 4368 stetin
663 4314 877 4372 inchoat
914 4315 1051 4382 iter,
1082 4326 1136 4369 ut
1164 4331 1302 4387 quam

1360 3161 1366 3166 .
1393 3135 1456 3171 ex
1484 3113 1640 3170 codd.
1659 3116 1898 3188 reposuit
1927 3111 2205 3185 corfioeret,
2225 3117 2312 3169 cui
2327 3135 2407 3172 as·

1392 3196 1627 3250 sentitur
1648 3208 1829 3249 noster
1853 3191 1970 3248 cod.
2004 3195 2066 3247 R.
2095 3194 2267 3266 5764.

1475 3278 1526 3330 3.
1565 3275 1715 3345 Quod
1738 3277 1795 3327 eb
1818 3278 2069 3327 mitterent.
2088 3273 2214 3327 Hoc
2232 3269 2433 3348 super?

1391 3354 1497 3408 flua
1528 3367 1703 3408 censet
1725 3355 1937 3420 Morus3
1966 3365 2019 3408 at
2064 3353 2121 3407 in
2164 3353 2409 3410 omnibus

1389 3447 1595 3488 exstant
1621 3448 1735 3487 tum
1765 3434 2004 3507 scriptis,
2032 3444 2148 3486 tum
2177 3434 2314 3488 cusis
2341 3435 2407 3488 li·

1389 3515 1498 3566 bris
1518 3553 1534 3580 ,
1567 3533 1666 3568 nec
1690 3527 1813 3568 sunt
1838 3509 2141 3586 rejicienda.

1472 3601 1524 3658 4.
1567 3595 1681 3646 Huc
1722 3593 1866 3646 biduo
1900 3596 2131 3665 pervenit.
2169 3591 2410 3664 Vulgata

1389 3674 1587 3727 habent
1616 3691 1631 3727 ε
1672 3675 1765 3726 huc
1804 3672 1946 3726 biduo
1979 3672 2150 3727 Caesar
2176 3676 2407 3744 pervenit.

1388 3754 1618 3807 Ursinus
1636 3753 1839 3825 primus
1863 3757 1919 3806 τὸ
1942 3753 2112 3808 Coesar
2125 3752 2408 3806 delendum

1388 3833 1592 3887 censuit
1607 3870 1623 3897 ,
1648 3843 1702 3885 et
1723 3833 1773 3886 ei
1803 3834 1980 3886 favent
2004 3831 2160 3886 codd.
2192 3832 2407 3904 optimi,

1389 3912 1529 3966 inter
1558 3931 1691 3986 quos
1721 3913 1889 3965 nostri
1918 3914 2031 3965 RR.
2065 3912 2211 3982 5763
2231 3950 2247 3977 ,
2282 3915 2375 3975 64.

1474 3992 1525 4045 5.
1577 3991 1882 4046 continebat.
1933 3991 2225 4045 Continens
2263 4003 2408 4059 erat,

1388 4069 1688 4125 adherebat
1718 4067 1936 4144 oppido.
1961 4071 2176 4132 Melius,
2210 4071 2256 4123 si
2283 4089 2409 4124 cum

1389 4149 1545 4205 codd.
1593 4148 1791 4204 Audin.
1838 4151 2019 4222 anac.
2052 4150 2261 4217 Petam,
2305 4162 2404 4204 etc.

1388 4244 1441 4285 et
1469 4243 1651 4285 nostro
1672 4228 1828 4284 codd.
1860 4230 2193 4303 5764‚legas
2220 4235 2404 4286 contin-

1386 4312 1545 4382 gebat.
1574 4309 1675 4367 Sed
1699 4310 1961 4368 affirmare
1987 4329 2097 4364 non
2129 4310 2315 4366 ausim.
