3111 5147
964 559 1697 629 DISSERTATIO.
2259 553 2403 647 405

269 703 545 786 gnatum
575 681 691 760 ³1v
708 744 729 779 ,
761 714 899 759 non
927 681 1055 780 (ut
1090 691 1236 761 vult
1277 707 1510 763 auctor
1548 690 1836 786 alioquin
1879 692 2408 763 accuratissimus

273 800 344 865 in
385 797 659 866 historia
710 821 984 866 romana
1046 793 1411 892 Sigonius)
1451 823 1627 867 anno
1652 853 1671 887 ,
1713 824 1846 893 quo
1888 799 2180 869 Africam
2225 825 2407 868 rece·

273 904 412 999 pit,
442 903 556 972 sed
583 928 717 998 quo
753 903 927 973 bello
959 902 1132 973 civili
1161 908 1230 973 in
1259 907 1575 1000 Hispania
1606 905 1806 974 finem
1842 907 2153 1000 imposuit
2172 960 2192 992 ‚
2214 909 2409 976 Varr.

279 1009 529 1080 scilicet
577 1034 746 1106 709.
794 1013 901 1079 Sic
945 1013 1121 1079 enim
1165 1036 1388 1081 coaeva
1439 1036 1773 1081 marmora
1823 1010 2176 1107 capitolina
2217 1027 2415 1106 atque

280 1115 629 1187 colotiana.
646 1119 754 1187 Sic
781 1120 978 1186 etiam
993 1121 1199 1187 eoaevi
1227 1121 1498 1188 nummi.
1524 1122 1673 1187 Imo
1696 1133 1952 1204 auctor,
1969 1143 2162 1212 quem
2188 1143 2416 1213 seque·

283 1223 482 1292 batur
505 1222 1000 1313 ‚Plutarchusz
1046 1223 1275 1294 melius
1320 1222 1600 1313 scilicet,
1636 1250 1834 1320 quam
1879 1224 2026 1311 alii,
2069 1227 2264 1294 etiam
2306 1249 2417 1292 ve-

289 1344 459 1401 teres
483 1385 503 1419 ,
546 1355 669 1399 nec
712 1331 796 1399 ab
827 1331 958 1400 hoc
989 1329 1229 1401 saeculo
1271 1331 1628 1401 admodum
1674 1334 1908 1401 remoti
1932 1385 1951 1418 ‚
1992 1333 2104 1426 qui
2140 1331 2419 1400 dictatu·

291 1460 436 1506 ram
480 1439 758 1507 Caesaris
800 1440 1051 1507 unitate
1095 1437 1345 1507 faciunt
1384 1440 1767 1507 auctiorem.
1806 1439 2003 1506 Hirtii
2038 1441 2235 1506 etiam
2275 1463 2422 1532 per·

293 1567 527 1613 sonam
561 1546 815 1638 arguit,
852 1544 1030 1638 quod
1066 1544 1196 1613 hoc
1232 1559 1374 1614 toto
1417 1543 1592 1613 bello
1636 1545 1974 1640 hispanico
2010 1546 2100 1612 sic
2137 1542 2427 1636 loquitur

297 1641 569 1738 auctor,
595 1652 780 1744 quasi
807 1653 947 1745 ipse
977 1675 1264 1746 praesens
1290 1650 1574 1722 adfuerit
1593 1705 1612 1737 ‚
1641 1666 1707 1720 et
1733 1652 2010 1721 Caesaris
2040 1664 2259 1744 partes
2286 1649 2430 1717 fueu

298 1758 385 1826 rit
406 1756 766 1852 amplexus.
800 1759 1018 1826 Prima
1051 1757 1187 1826 fere
1213 1781 1494 1851 persona
1517 1782 1646 1826 nos
1671 1758 1910 1850 inquit,
1929 1772 1997 1825 et
2021 1757 2431 1827 Caesarianos

300 1880 574 1934 nostros
612 1861 918 1958 appellat.
965 1866 1116 1935 Hoc
1157 1887 1395 1958 nempe
1437 1879 1581 1932 erat
1603 1917 1622 1950 ,
1665 1863 1843 1957 quod
1886 1864 1954 1931 in
1998 1859 2150 1931 belli
2195 1860 2435 1931 Gallici

301 1968 452 2038 libri
497 1972 664 2039 VIII
725 1968 1004 2065 prologo
1047 1972 1188 2065 ipse
1226 1985 1579 2038 monuerat
1627 1972 1880 2038 Hirtius
1901 2023 1920 2058 ,
1966 1969 2089 2037 sibi
2141 1993 2223 2036 ne
2270 1965 2435 2035 illud

301 2076 570 2170 quidem
626 2076 939 2145 accidisse
971 2131 992 2164 ,
1041 2089 1118 2144 ut
1162 2074 1605 2145 Alexandrino
1659 2090 1854 2170 atque
1900 2075 2211 2144 Asticano
2263 2072 2437 2142 bello

305 2184 686 2252 interesset:
725 2184 1003 2253 innuens
1041 2181 1354 2278 proinde,
1388 2183 1455 2249 in
1499 2181 1761 2275 reliquis
1798 2181 1982 2250 bellis
2017 2181 2137 2249 sibi
2175 2204 2439 2274 quoque

309 2313 581 2383 operam
614 2288 811 2358 fuisse
834 2314 968 2357 non
991 2287 1306 2357 inutilem.
1335 2290 1490 2357 Non
1518 2290 1610 2357 ita
1639 2301 1816 2357 certe
1852 2289 1919 2355 in
1948 2284 2122 2355 bello
2158 2285 2439 2355 Alexan·

312 2393 507 2464 drino
559 2394 848 2489 loquitur
879 2449 900 2483 ,
944 2410 1056 2463 aut
1105 2394 1436 2465 Africano.
1488 2396 1834 2489 Nusquam
1883 2393 1973 2462 ibi
2017 2394 2228 2487 prima
2261 2446 2281 2479 ‚
2326 2390 2443 2461 sed

315 2504 508 2571 tertia
537 2525 860 2599 persona,
901 2502 1187 2571 absentis
1223 2504 1535 2570 nimirum
1566 2493 1795 2597 'potius
1838 2524 2035 2597 quam
2058 2498 2249 2587 ‚illius
2270 2553 2288 2586 ‚
2330 2499 2444 2593 qui

320 2610 516 2679 rebus
551 2611 687 2705 ipse
719 2610 1018 2705 gerendis
1049 2608 1422 2679 interfuerit
1445 2663 1466 2696 ‚
1493 2611 1937 2703 narrationem
1974 2608 2267 2676 instituit.
2300 2608 2446 2676 Nec

323 2729 486 2811 puto
511 2717 640 2785 hoc
677 2717 1051 2811 praevidisse
1086 2715 1624 2812 interpolatorem
1644 2769 1664 2803 ,
1691 2718 1759 2785 in
1795 2715 2058 2810 reliquis
2094 2712 2258 2783 adeo
2298 2737 2446 2809 per·

325 2847 504 2893 sonae
530 2877 552 2913 ,
577 2847 777 2919 quam
819 2824 1128 2895 sustinuit
1148 2877 1169 2912 ‚
1206 2824 1546 2893 incautum
1588 2836 1786 2915 atque
1822 2819 2234 2892 obliviosum.
