3111 5147
532 549 672 621 DE
724 551 1072 621 BELLO
1127 552 1627 622 GALLICO.
1685 554 1875 623 LIB.
1930 554 1983 621 I.
2235 549 2330 624 25

193 702 351 774 pere
379 665 407 704 ⁸
456 681 783 752 Helvetiis
840 697 1114 778 propter
1164 707 1311 753 eam
1372 683 1759 754 affinitatem
1804 710 1819 752 ε
1864 684 2079 754 odisse
2137 685 2336 754 etiam

192 810 314 854 suo
355 791 641 857 nomine
684 791 1012 859 Caesarem
1054 804 1124 858 et
1165 792 1502 860 Romanos
1516 844 1537 878 ‚
1560 792 1738 886 quod
1772 816 2003 860 eorum
2047 790 2336 860 adventu

194 897 499 985 potentia
538 896 680 988 ejus
715 896 1052 964 deminuta
1066 894 1116 983 ⁹,
1148 911 1217 965 et
1250 897 1616 967 Divitiacus
1651 898 1856 966 stater
1890 900 1960 966 in
1994 899 2335 991 antiquum

198 994 417 1067 locum
462 1002 698 1095 gratiae
735 1016 930 1095 atque
970 1003 1240 1072 honoris
1271 1005 1356 1071 sit
1392 1006 1748 1073 restitutus.
1792 1006 1862 1099 Si
1898 1002 2056 1098 quid
2085 1002 2340 1071 accidat

204 1102 528 1176 Romanis
543 1159 564 1193 ,
589 1132 914 1176 summam
950 1110 1017 1175 in
1054 1132 1239 1204 spem
1275 1111 1459 1203 regni
1490 1130 1611 1203 per
1633 1109 1968 1179 Helvetios
1999 1107 2342 1179 obtinendi·

209 1214 473 1299 venire3
524 1214 804 1306 imperio
858 1212 1087 1308 populi
1141 1217 1393 1307 romani
1421 1214 1470 1238 ¹⁰
1516 1241 1654 1284 non
1706 1215 1907 1284 modo
1955 1215 2037 1284 de
2093 1239 2298 1309 regno
2317 1268 2338 1301 ,
2401 1262 2416 1281 .

214 1315 324 1384 sed
375 1320 579 1386 etiam
630 1318 712 1387 de
761 1343 876 1405 ea,
903 1344 1103 1414 quam
1148 1321 1422 1408 habeat,
1450 1323 1660 1415 gratia
1708 1322 2072 1416 desperare.
2117 1337 2153 1372 ³)
2207 1323 2337 1389 Re-

216 1424 504 1515 periebat
566 1426 766 1494 etiam
824 1428 893 1493 in
947 1426 1299 1519 quaerendo
1331 1425 1376 1450 ¹¹
1425 1429 1649 1495 Caesar
1667 1479 1687 1513 ‚
1724 1456 1760 1492 α
1814 1427 1994 1521 quod
2042 1425 2338 1522 praelium

219 1544 509 1621 equestre
543 1528 588 1554 ¹²
639 1530 988 1600 adversum
1050 1534 1275 1626 paucis
1329 1546 1481 1600 ante
1535 1531 1764 1601 diebus
1823 1547 1994 1603 esset
2051 1533 2299 1602 factum
2319 1586 2339 1619 ‚

220 1635 469 1705 initium
510 1637 653 1729 ejus
689 1636 863 1731 fugae
908 1637 1155 1706 factum
1198 1664 1236 1706 a
1279 1640 1693 1733 Dumnorige
1732 1652 1928 1732 atque
1966 1638 2106 1730 ejus
2159 1641 2338 1731 equi·

222 1740 393 1809 tibus
424 1733 624 1829 (nam
652 1744 980 1836 equitatu,
1005 1768 1201 1838 quem
1236 1743 1476 1814 auxilio
1505 1746 1750 1814 Caesari
1776 1743 1972 1814 AEdui
1998 1745 2340 1831 miserant,

225 1846 599 1916 Dumnorix
628 1847 976 1942 praeerat),
1003 1874 1235 1918 eorum
1274 1850 1431 1944 ffiga
1466 1848 1788 1945 neliquum
1813 1874 1953 1920 esse
1979 1851 2343 1943 equitatum

224 1965 656 2044 pet-temtum.
700 1972 736 2006 >2

338 2059 517 2126 XIX.
560 2060 815 2149 Quibus
846 2062 1043 2131 rebus
1087 2064 1365 2158 cognitis
1381 2115 1401 2149 ‚
1430 2087 1634 2156 quum
1678 2063 1763 2132 ad
1791 2064 1911 2133 has
1941 2064 2342 2158 suspiciones

232 2164 595 2234 certissimae
650 2192 756 2236 res
812 2167 1201 2237 accederent
1214 2168 1442 2263 ,quod
1496 2193 1617 2264 per
1670 2169 1833 2237 fines
1885 2170 2342 2261 Sequanorum

230 2267 555 2341 Helvetios
610 2272 1062 2343 traduxisset¹
1077 2329 1102 2392 .'
1137 2276 1316 2369 quod
1371 2274 1630 2343 obsides
1689 2276 1859 2343 inter
1922 2298 2034 2342 eos
2089 2273 2342 2343 dandos

229 2393 511 2447 curasset
524 2378 751 2472 ‚quod
793 2402 870 2448 ea
911 2382 1133 2449 omnia
1173 2405 1308 2450 non
1350 2380 1551 2449 modo
1593 2381 1844 2472 injussu
1879 2377 2046 2448 suo'
2084 2394 2151 2447 et
2183 2380 2340 2447 civi-

228 2484 404 2569 tatis,
428 2483 550 2553 sed
604 2487 802 2554 etiam
857 2486 1278 2559 inscientibus
1334 2488 1488 2582 ipsis
1512 2471 1857 2575 ³fecisset‚
1890 2485 2069 2582 quod
2110 2509 2148 2553 a
2202 2509 2341 2553 ma·

226 2589 495 2681 gistram
534 2590 905 2662 AEduorum
947 2608 1402 2663 accusaretur:
1435 2595 1590 2662 satis
1632 2618 1772 2663 esse
1814 2617 2026 2662 causae
2067 2592 2341 2662 arbitra·

227 2692 433 2785 hatur,
467 2721 677 2791 quare
716 2700 787 2766 in
822 2723 971 2768 eum
1018 2715 1132 2768 aut
1170 2701 1310 2794 ipse
1358 2700 1908 2768 animadverteret
1924 2753 1944 2786 ‚
1972 2712 2087 2767 aut
2117 2700 2341 2768 civita-

227 2813 349 2869 tem
390 2803 918 2874 animadvertere
952 2806 1230 2898 juberet.
1269 2807 1390 2874 His
1432 2805 1738 2875 omnibus
1769 2806 1966 2874 rebus
2000 2829 2206 2873 unum
2242 2829 2344 2873 re·

228 2910 604 3002 pugnabat,
643 2910 821 3004 quod
874 2913 1184 2980 Divitiaci
1240 2912 1460 2981 fratris
1514 2935 1846 2979 summum
1902 2912 1969 2978 in
2025 2909 2344 3047 populum

226 3036 571 3083 romanum
624 3015 949 3101 studium,
994 3041 1317 3087 summam
1372 3019 1441 3084 in
1498 3041 1567 3086 se
1622 3003 2087 3085 voluntatem⁴
2092 3069 2111 3104 ‚
2162 3041 2343 3109 egre-

231 3120 391 3210 giam
450 3119 653 3189 fidem
672 3121 1070 3216 ,justitiam‚
1098 3125 1602 3219 temperantiam
1658 3136 2114 3217 cognoverat:
2156 3145 2309 3189 nam
2326 3174 2347 3209 ,

303 3319 354 3371 8.
400 3318 758 3389 cupere-Bene
772 3321 933 3387 velle,
953 3323 1099 3374 θέλειν
1115 3358 1132 3387 ,
1152 3341 1243 3374 vo·

232 3395 395 3451 luntas
426 3416 528 3470 pro
562 3400 943 3453 benevolentia.
989 3401 1245 3454 Helleni&

235 3493 368 3544 mua,
387 3490 452 3530 ut
475 3479 774 3532 observavit
799 3479 867 3531 N.
896 3478 1151 3551 Rigaltins
1177 3478 1246 3533 ad

1417 3340 1439 3374 1
1454 3341 1503 3373 2.
1535 3321 1764 3372 Proelium
1785 3331 2019 3392 equestre,
2041 3332 2131 3373 etc.
2158 3318 2348 3373 Sensus

1331 3411 1436 3453 est:
1461 3397 1607 3471 quod
1629 3401 1685 3452 in
1709 3399 1891 3471 prelio
1912 3400 2140 3471 equestri
2161 3399 2349 3452 adver·

1333 3498 1468 3533 som.
1484 3479 1875 3545 sacto‚initium
1894 3480 2055 3551 fuga,
2075 3492 2173 3533 etc.
2199 3479 2350 3550 Opti-

234 3551 447 3610 Minucii
456 3557 643 3611 Felicis
651 3558 950 3627 Octavium,
957 3560 1051 3613 ubi
1062 3558 1246 3614 eadem

234 3638 454 3689 occurrit
480 3637 698 3691 locutio.
730 3640 864 3692 Du.

306 3733 359 3784 9.
388 3716 669 3769 Deminuta.
704 3716 841 3771 Cod.
875 3718 936 3770 R.
976 3718 1122 3788 5783
1164 3719 1242 3771 di·

236 3797 523 3849 utimr-etur.
556 3794 691 3849 cod.
723 3796 874 3866 5770
906 3797 1159 3852 ἀπείπητε.

312 3893 333 3927 ι
345 3894 400 3927 ο.
420 3876 626 3946 Impen‘o
637 3875 821 3946 Populi
830 3877 1046 3930 Romani.
1058 3876 1123 3930 Id
1138 3888 1243 3943 eat,

236 3951 519 4025 inperante
542 3955 745 4027 populo
774 3973 1009 4010 romano.

313 4050 403 4086 11.
445 4034 508 4085 In
536 4034 804 4106 quat-endo.
833 4036 915 4088 Al.
950 4036 1242 4108 inquirendo.

239 4109 325 4164 Gr.
364 4113 585 4186 interpr.
620 4118 870 4185 κατέμαθε
909 4109 970 4167 δὲ
1001 4115 1085 4167 καὶ
1125 4118 1244 4186 πρὸς

238 4193 416 4253 τούτοις
444 4195 472 4245 ὅ
510 4196 726 4265 Καῖσαρ.
760 4194 943 4248 Nostri
984 4191 1142 4248 codd.
1176 4199 1247 4251 ia·

241 4271 477 4340 quia-cado,
510 4271 657 4346 quod
681 4273 1021 4344 praetulerim.

1333 3578 1419 3613 me
1446 3577 1596 3630 grac.
1623 3562 1670 3611 ἐν
1699 3565 1763 3628 τῇ
1789 3560 2111 3631 γιγαννημίνῃ
2136 3559 2287 3628 fitz-qt.

1414 3638 1715 3692 emxlx.
1753 3657 1800 3691 1.
1838 3636 2229 3709 Quodperfiues
2265 3635 2353 3690 Se-

1332 3737 1591 3789 quanorum
1605 3757 1619 3780 ,
1651 3729 1739 3769 etc.
1775 3714 1839 3770 Id
1872 3730 1975 3783 est,
2007 3713 2151 3788 quod
2184 3716 2352 3787 impe·

1332 3810 1514 3851 nasset
1543 3798 1865 3858 Dumnorix,
1895 3809 1956 3850 ut
1983 3815 2081 3867 per
2105 3796 2235 3848 fines
2259 3795 2352 3849 Se·

1331 3895 1630 3948 quanorum
1657 3876 1885 3930 Helvetii
1910 3875 2207 3929 transirent.

1416 3975 1465 4008 α.
1508 3957 1699 4025 lajassu
1717 3976 1817 4008 suo.
1841 3955 1973 4019 Suo,
1992 3955 2101 4007 scil.
2118 3955 2351 4008 Caesaris.

1414 4034 1467 4088 3.
1508 4035 1818 4087 laniantibus
1846 4037 1975 4106 gosis.
1998 4034 2119 4087 scil.
2146 4033 2349 4088 AEduis.

1414 4120 1468 4178 4.
1508 4112 1751 4166 Summam
1773 4117 1823 4165 in
1844 4133 1895 4165 se
1922 4114 2231 4168 voluntatem.
2252 4115 2352 4167 Be-

1332 4193 1686 4247 nevolentiam
1712 4205 1801 4246 aut
1822 4212 2070 4247 amorem.
2082 4192 2209 4247 vid.
2228 4195 2352 4247 Ter.

1334 4273 1550 4331 Phorm.
1568 4273 1708 4328 Prol.
1726 4293 1779 4329 v.
1800 4274 1888 4343 30,
1908 4286 1962 4329 et
1980 4275 2057 4329 ibi
2067 4275 2351 4330 Donatum.
