3111 5147
551 539 692 608 DE
746 539 1091 608 BELLo
1144 539 2070 613 GALLtco.L113.1v.
2251 543 2388 645 157

262 670 396 742 bris
421 654 767 767 expeditiffi
789 670 1140 740 notissimis
1175 667 1335 740 locis
1364 670 1678 741 audacter
1707 671 1836 742 tela
1865 674 2297 767 conjicerent,
2327 692 2396 747 et

260 803 466 898 equos
503 762 941 847 insuefactos⁴
962 777 1326 847 incitarent.
1370 777 1635 867 Quibus
1674 779 1869 848 rebus
1907 782 2114 850 nostri
2154 798 2395 876 perter-

263 886 402 968 riti,
424 898 626 978 atque
656 882 854 1012 hujus
885 884 1155 953 omnino
1192 884 1448 978 generis
1484 908 1725 979 pugnae
1763 887 2081 980 imperiti,
2110 911 2246 957 non
2285 914 2393 958 ea-

263 990 416 1060 dem
460 974 834 1059 alacritate⁵
862 1014 940 1058 ac
981 989 1233 1119 studio?
1255 1014 1389 1084 quo
1429 991 1499 1058 in
1548 989 1960 1085 pedestribus
2012 995 2107 1061 uti
2159 994 2397 1088 praeliis

267 1109 777 1183 consueverant,
803 1080 1235 1164 nitebanturff

367 1204 588 1272 XXV.
636 1201 842 1290 Quod
891 1201 1005 1270 ubi
1071 1204 1294 1271 Caesar
1333 1202 1832 1292 animadvertit,
1883 1228 2085 1275 naves
2138 1203 2395 1301 longaS‚

267 1333 547 1404 quarum
587 1321 658 1377 et
697 1309 945 1437 species
987 1320 1130 1378 erat
1171 1307 1465 1377 barbaris
1506 1309 1875 1379 inusitatior
1892 1308 1935 1398 ¹,
1970 1325 2037 1380 et
2068 1326 2286 1382 motus
2310 1313 2397 1383 ad

268 1439 459 1485 usum
490 1411 889 1510 expeditior-²
895 1467 915 1501 ‚
944 1412 1219 1508 paulum
1258 1416 1585 1483 removeri
1616 1415 1700 1483 ab
1731 1417 2046 1485 onerariis
2076 1418 2355 1489 navibus
2373 1473 2394 1509 ,

268 1536 334 1590 et
376 1522 576 1591 remis
605 1520 896 1607 incitari,
934 1534 1004 1589 et
1040 1519 1125 1588 ad
1167 1518 1338 1589 latus
1369 1533 1682 1651 apertum
1708 1520 1997 1591 bostium
2056 1525 2396 1615 constitui,

268 1643 462 1723 atque
500 1626 658 1696 inde
704 1574 922 1696 fundis
935 1626 1265 1722 ‚sagittis‚
1298 1611 1682 1695 tormentis³
1685 1626 1955 1713 ‚hostes
1999 1629 2276 1724 propelli
2317 1654 2397 1700 ac

271 1735 646 1805 submoveri
680 1733 915 1826 jussit.
942 1757 1090 1827 quae
1129 1757 1234 1801 res
1272 1756 1518 1828 magno
1560 1734 1709 1802 usui
1751 1735 1990 1804 nostris
2040 1734 2180 1803 fuit.
2222 1738 2397 1806 Nam

275 1855 343 1909 et
377 1841 644 1909 navium
683 1839 932 1934 figura,
970 1853 1038 1910 et
1079 1863 1417 1908 remorum
1445 1853 1633 1909 motu
1651 1891 1670 1925 ,
1705 1852 1773 1908 et
1803 1840 2112 1910 inusitato
2158 1866 2399 1935 genere

275 1960 754 2016 tormentorum
808 1945 1091 2040 permoti
1143 1945 1406 2013 barbari
1474 1946 1914 2015 constiterunt
1935 1999 1955 2033 ‚
1996 1971 2075 2015 ac
2126 1946 2398 2043 paulum

277 2050 480 2121 modo
507 2052 740 2147 pedem
783 2049 1167 2120 retulerunt.
1208 2053 1426 2145 Atque
1466 2053 1706 2121 nostris
1738 2050 2050 2122 militibus
2084 2068 2398 2124 cunctan-

278 2158 490 2244 tibus»,
510 2159 789 2227 maxime
822 2171 1096 2252 propter
1137 2155 1545 2226 altitudinem
1588 2159 1787 2227 maris
1799 2159 1959 2252 ‚qui
1997 2157 2267 2229 decimae
2305 2159 2396 2229 le-

281 2265 491 2358 gionis
509 2264 793 2358 aquilam
826 2262 1114 2346 ferebat,
1139 2277 1541 2333 contestatus
1577 2265 1792 2350 Deos„
1812 2277 1888 2331 ut
1916 2288 1994 2332 ea
2033 2289 2137 2333 res
2163 2263 2402 2402 legioni

277 2369 550 2440 feliciter
587 2370 928 2438 eveniret.
979 2396 1015 2433 α
1061 2367 1333 2439 Desilite
1354 2369 1660 2463 ‚inquit,
1693 2316 2217 2440 (ιοιιιιιιιιιιοιιιτεαἱ
2221 2374 2402 2459 ,nisi

360 2547 409 2601 3.
430 2544 666 2600 Omnibus
680 2542 1302 2616 mmbruexpedtti.Qu1p-

277 2645 344 2698 pe
357 2627 452 2697 qui
464 2645 574 2679 non
588 2626 790 2679 ferrent
804 2624 1048 2691 urcium,
1059 2637 1120 2678 ut
1131 2625 1300 2678 nostri

359 2791 413 2849 4.
440 2786 752 2854 Insuesactos.
776 2787 1124 2849 Asmetos‚ut
1151 2786 1302 2836 iruue-

285 2869 396 2919 visse
407 2864 606 2918 dicitur
620 2904 637 2930 ‚
649 2865 744 2936 qui
760 2876 838 2917 est
862 2861 1187 2917 adsuefactus
1201 2864 1298 2917 rei.

282 2944 452 2998 Groec.
477 2946 700 3016 interpr.
730 2945 1039 3014 ιίθισμίνους.
1065 2943 1141 2996 Μ.

363 3026 415 3078 5.
443 3024 561 3078 Non
585 3024 748 3076 eadem
778 3024 1046 3076 alacritate.
1076 3023 1155 3075 Ita
1186 3041 1301 3074 om-

284 3123 374 3158 nes
390 3107 500 3158 fere
517 3104 706 3176 optimi
725 3102 880 3156 codd.
900 3103 1126 3174 Scaliger
1142 3114 1195 3154 et
1219 3120 1301 3154 re·

286 3186 543 3238 centiores
557 3202 574 3249 ς
587 3204 681 3236 non
689 3203 846 3235 omnes
859 3182 1020 3233 eadem
1035 3182 1303 3235 alacritate.

287 3262 557 3317 mendose.
584 3261 718 3318 cod.
754 3265 816 3316 R.
851 3262 1024 3333 5763,
1050 3261 1273 3314 eamdam.

365 3348 419 3397 6.
447 3343 752 3397 Nitebamur.
781 3344 861 3396 Ita
895 3343 1158 3412 eleganter
1185 3338 1304 3394 cod.

289 3422 459 3476 Oxou.
471 3425 537 3477 ab
546 3421 792 3476 Oudend.
805 3424 1012 3486 citatus,
1019 3439 1177 3492 quam
1185 3421 1305 3474 lect.

291 3503 487 3573 recepit
520 3503 705 3556 Oberl.
732 3502 838 3554 Alii
868 3513 920 3555 et
948 3498 1105 3554 codd.
1137 3500 1306 3553 nostri

295 3581 567 3649 utebantur,
591 3601 702 3636 non
739 3582 874 3635 male
912 3599 1124 3652 quoque
1144 3599 1161 3645 ς
1185 3598 1310 3633 nam

293 3658 438 3713 idem
453 3665 672 3716 verbum
698 3675 937 3733 repetere
963 3673 1100 3713 amat
1117 3660 1307 3713 Caesar.

372 3743 497 3795 Car.
514 3743 690 3795 XXV.
719 3760 741 3794 1
755 3782 767 3794 .
791 3741 1008 3811 Quarum
1022 3744 1193 3812 species
1205 3750 1313 3790 erat

294 3822 526 3874 Barbara
592 3824 882 3874 inusitatior.
942 3821 1157 3892 Quippe
1214 3820 1311 3891 qui

292 3902 548 3955 onerariis
577 3914 784 3954 tantum
822 3912 1114 3953 uterentur.
1155 3900 1311 3952 Prius

292 3982 433 4033 enim
458 3981 694 4052 navigari
715 3993 946 4051 coeptum
968 3977 1035 4031 ad
1060 3998 1313 4033 commer-

293 4061 371 4113 cia
397 4059 720 4114 instituenda
735 4100 753 4127 ‚
776 4079 936 4132 quam
972 4056 1039 4110 ad
1065 4058 1200 4111 bella
1227 4060 1309 4111 in-

294 4139 525 4194 ferenda.
571 4140 839 4195 Posterius
872 4151 1049 4192 autem
1094 4138 1312 4190 navium

295 4217 574 4291 longarum
629 4220 787 4274 fuisse
838 4221 1118 4275 inventum
1151 4255 1167 4283 ,
1210 4230 1311 4271 tes-

295 4310 436 4352 tatur
458 4297 718 4354 Herodot.
749 4300 809 4354 in
839 4300 960 4354 Clio
974 4336 991 4364 ‚
1016 4299 1108 4352 ubi
1131 4298 1315 4353 scribit

1385 2541 1682 2599 Phocenses
1731 2544 1932 2618 primos
1966 2545 2137 2619 longis
2181 2547 2404 2603 navibus

1384 2643 1508 2679 usos
1532 2626 1709 2679 finisse.

1470 2723 1523 2757 α.
1547 2706 1625 2757 Et
1658 2716 1809 2757 motus
1846 2706 1918 2758 ad
1955 2726 2087 2760 usian
2124 2708 2403 2780 expeditior.

1384 2782 1675 2856 Hypallnge
1695 2804 1794 2856 pro
1818 2787 1852 2843 ἡ
1878 2788 2019 2857 χριὶσι
2057 2791 2175 2859 πρὸς
2201 2790 2287 2846 τὴν
2329 2792 2403 2843 ιιι·

1384 2882 1519 2919 vnum
1548 2865 1801 2934 ταχύτεροι
1844 2882 1857 2917 :
1896 2866 2065 2918 simile
2106 2866 2240 2921 illud
2290 2869 2408 2921 dare

1386 2942 1613 2995 classibus
1625 2942 1850 2997 Austros.

1471 3022 1524 3074 3.
1545 3022 1826 3075 Tor-mentis.
1845 3023 1978 3088 Qum
1993 3026 2192 3095 species
2213 3027 2411 3082 fuerint

1388 3112 1778 3153 tormentorum
1810 3120 1874 3154 ex
1901 3122 1948 3156 c.
1977 3121 2045 3155 n
2059 3141 2076 3167 ‚
2097 3104 2134 3156 l.
2168 3123 2243 3170 ιν,
2266 3107 2409 3179 apud

1390 3181 1675 3251 vegetium
1700 3193 1861 3254 patet.
1892 3182 1977 3234 Ibi
2008 3182 2147 3236 inter
2177 3185 2276 3238 alia
2305 3199 2412 3240 tor-

1389 3272 1694 3313 mentorum
1735 3280 1927 3332 genera
1964 3261 2203 3315 ballistam
2233 3266 2410 3337 primo

1391 3353 1665 3393 enumerat
1682 3378 1699 3405 ,
1712 3359 1932 3413 eamque
1942 3343 2158 3398 funibus
2178 3347 2413 3400 nervinis

1393 3421 1466 3473 ita
1482 3418 1629 3473 tendi
1657 3419 1817 3486 dicit,
1834 3435 1894 3474 ut
1906 3435 2103 3494 quanto
2124 3425 2412 3495 prolixiora

1391 3500 1661 3553 brachiola
1682 3501 1926 3554 habuerit
1940 3541 1956 3567 ,
1972 3502 2074 3555 hoc
2093 3515 2198 3569 est,
2214 3518 2412 3574 quanto

1393 3583 1563 3651 major
1588 3581 1778 3646 fuerit,
1806 3594 1955 3635 tanto
1982 3582 2189 3654 longius
2213 3583 2416 3655 spicula

1393 3660 1594 3713 mittat:
1614 3658 1809 3712 deinde
1822 3680 2053 3730 onagrum
2063 3699 2080 3727 ,
2094 3680 2202 3733 quo
2215 3662 2415 3734 lapides

1393 3738 1729 3810 diriguntur;
1744 3753 2011 3810 postremo
2027 3747 2293 3812 scorpiones
2300 3739 2418 3817 (qui

1393 3831 1576 3891 postea
1613 3820 1991 3872 manuballistae
2035 3823 2210 3875 vocati
2248 3837 2371 3877 sunt
2394 3821 2416 3888 )

1395 3897 1518 3950 ideo
1541 3898 1617 3951 sic
1639 3896 1837 3964 dictos,
1861 3898 2005 3970 quod
2032 3901 2208 3971 parvis
2228 3916 2282 3956 et
2301 3905 2420 3958 sub-

1393 3978 1577 4031 tilibus
1597 3977 1811 4049 spiculis
1834 3992 2063 4032 mortem
2086 3981 2329 4037 inferant.

1478 4063 1532 4121 4.
1554 4056 1923 4112 commilitones.
1944 4058 2077 4113 cod.
2100 4080 2208 4133 reg.
2239 4064 2385 4134 5764
2402 4104 2419 4132 ,

1398 4138 1570 4189 milites
1584 4157 1605 4189 .·
1618 4138 1750 4191 alter
1761 4157 1888 4191 vero
1900 4141 2248 4196 commilitones.
2264 4144 2422 4200 Prior

1395 4217 1553 4271 lectio
1580 4217 1782 4272 sincera
1802 4220 1992 4292 magis,
2017 4233 2078 4274 ut
2094 4223 2229 4276 mihi
2249 4225 2422 4279 visum

1396 4298 1501 4351 tuit
1534 4316 1547 4350 τ
1580 4296 1804 4370 ideoque
1834 4300 1971 4355 hanc
1998 4299 2202 4356 admisi.
