3111 5147
698 505 839 578 116
961 505 1038 573 C.
1092 504 1380 572 JULII
1436 502 1909 571 CAESARIS
1963 502 2517 574 COMMENT.

687 637 938 708 nullum
991 635 1189 731 paulo
1234 635 1465 704 fortius
1507 633 1758 703 factum
1808 633 2011 703 latere
2054 650 2320 728 posset:
2364 660 2595 705 omnes
2636 640 2808 706 enim

686 742 884 815 colles
928 768 1006 813 ac
1040 741 1187 812 loca
1228 743 1568 837 superiora
1583 793 1604 829 ,
1636 740 1812 809 unde
1847 755 1989 808 erat
2022 743 2430 835 propinquus
2464 742 2809 837 despectus

684 853 753 919 in
794 873 978 919 mare
992 903 1011 937 ,
1040 849 1124 917 ab
1167 848 1457 918 exercitu
1497 846 1910 915 tenebantur.

792 956 943 1025 XV.
990 955 1280 1048 Dejectis
1306 952 1356 1040 ¹,
1397 966 1475 1023 ut
1527 952 1851 1041 diximus,
1894 953 2228 1039 antennis,
2269 978 2472 1046 quum
2529 952 2813 1049 singulas

688 1063 857 1131 binae
900 1085 978 1130 ac
1022 1073 1224 1128 ternae
1266 1082 1467 1127 naves
1507 1060 2078 1127 circumsteterant
2094 1056 2139 1146 ²,
2178 1056 2413 1129 milites
2454 1052 2709 1129 summa
2750 1061 2818 1128 vi

688 1150 1187 1237 transcendere³
1222 1166 1291 1233 in
1322 1164 1612 1234 hostium
1650 1188 1850 1234 naves
1889 1164 2391 1233 contendebant.
2421 1166 2621 1255 Quod
2645 1181 2817 1260 post·

692 1298 892 1369 quam
928 1272 1196 1342 barbari
1238 1270 1379 1339 fieri
1419 1270 2060 1358 animadverterunt,
2096 1273 2481 1365 expugnatis
2521 1271 2814 1367 complu·

691 1380 892 1450 ribus·
918 1378 1230 1465 navibus,
1255 1402 1460 1471 quum
1504 1378 1564 1445 ei
1607 1378 1699 1445 rei
1743 1376 1998 1445 nullum
2039 1378 2437 1470 reperiretur
2476 1376 2815 1465 auxilium,

692 1485 852 1580 fuga
891 1484 1168 1554 salutem
1222 1498 1445 1577 petere
1494 1483 2026 1570 contenderunt3
2062 1506 2139 1552 ac
2183 1478 2324 1575 jam
2377 1487 2709 1553 conversis
2752 1487 2816 1553 in

694 1616 841 1660 eam
897 1605 1155 1685 partem
1210 1589 1487 1658 navibus
1505 1643 1524 1676 ,
1561 1614 1696 1683 quo
1748 1603 1987 1657 ventus
2045 1588 2327 1677 ferebat,
2361 1603 2545 1658 tanta
2603 1590 2817 1660 subito

694 1683 1014 1768 malacia⁴
1057 1720 1134 1766 ac
1180 1693 1613 1789 tranquillitas
1665 1696 1946 1782 exstitit,
1974 1708 2053 1762 ut
2110 1719 2179 1762 se
2236 1720 2317 1763 ex
2363 1692 2512 1764 loco
2553 1721 2818 1765 movere

694 1828 832 1873 non
860 1816 1146 1897 possent.
1177 1802 1346 1889 Quae
1384 1800 1651 1929 quidem
1694 1825 1798 1870 res
1839 1800 1924 1867 ad
1967 1802 2304 1894 negotium
2340 1798 2818 1872 conficiendum

694 1909 978 1977 maxime
1022 1907 1147 1974 fuit
1198 1890 1656 2000 opportuna⁵:
1693 1931 1847 1975 nam
1891 1905 2178 1999 singulas
2219 1908 2426 1975 nostri
2469 1910 2822 1977 consectati

695 2025 1277 2107 expugnaverunt,
1305 2026 1382 2079 ut
1422 2035 1769 2106 perpaucae
1801 2037 1882 2080 ex
1924 2014 2105 2080 omni
2145 2032 2458 2100 numerO,
2486 2016 2696 2084 noctis
2725 2016 2820 2081 in·

697 2132 1027 2205 tex-ventu,
1045 2117 1129 2185 ad
1152 2131 1394 2186 terram
1417 2119 1867 2211 pervenerint,
1879 2142 2085 2211 quum
2107 2114 2191 2186 ab
2213 2117 2380 2188 hora
2401 2119 2536 2187 fere
2558 2104 2822 2213 quarta⁶

699 2249 908 2319 usque
949 2223 1034 2292 ad
1076 2222 1229 2292 solis
1268 2246 1581 2294 occasum
1624 2238 2047 2317 pugnaretur.

806 2332 1008 2399 XVL-
1052 2330 1208 2417 Quo
1271 2327 1494 2423 praelio
1549 2327 1793 2397 bellum
1836 2330 2245 2397 Venetorum
2312 2332 2638 2424 totiusque
2692 2356 2824 2400 orae

703 2437 1044 2506 maritimae
1098 2433 1472 2503 confectum
1525 2448 1626 2502 est
1645 2432 1663 2456 ¹

705 2675 786 2691 ....
799 2644 1085 2711 Quomodo
1101 2657 1275 2698 autem
1289 2645 1399 2697 haec
1414 2644 1635 2698 Orosius
1649 2645 1727 2697 in-

704 2725 963 2779 tellexerit
973 2743 1063 2790 ,ex
1080 2725 1246 2796 ipsius
1259 2723 1457 2787 verbis,
1468 2742 1585 2795 quae
1603 2736 1729 2777 sunt

704 2806 742 2857 l.
775 2823 833 2857 vt
862 2804 1083 2875 scripta,
1105 2803 1341 2874 patebit:
1368 2804 1503 2866 Hoc,
1525 2805 1726 2875 inquit,

699 2883 960 2953 plurimum
1009 2883 1193 2934 auxilio
1223 2883 1331 2950 suit
1351 2921 1365 2945 ,
1409 2882 1540 2954 quod
1569 2884 1729 2949 falces

705 2966 1003 3015 acutissimas
1016 2981 1113 3013 non
1122 2965 1431 3033 pertinaciter
1441 2966 1593 3014 contis
1599 2982 1731 3034 proe·

702 3040 861 3109 fixas,
879 3041 1082 3110 funibus
1101 3054 1257 3094 autern
1284 3042 1506 3094 subnexis
1526 3062 1731 3112 parave-

709 3135 816 3185 rat,
846 3121 1041 3194 quibus,
1069 3140 1173 3173 eum
1215 3140 1331 3192 opus
1373 3133 1522 3184 esset,
1557 3140 1729 3192 appre-

709 3201 874 3253 hensos
894 3205 1073 3253 eminus
1097 3201 1338 3263 rudentes,
1360 3200 1600 3252 subductis
1623 3201 1733 3252 has-

711 3280 871 3332 ritihus
912 3299 1004 3350 per
1034 3282 1203 3346 sanem
1237 3280 1419 3345 falcem
1458 3280 1690 3332 trahendo
1710 3319 1725 3342 ‚

709 3359 1014 3411 succida-ent.
1036 3359 1135 3410 His
1152 3358 1366 3409 celeriter
1383 3357 1613 3428 expeditis
1629 3359 1731 3411 dis-

714 3443 867 3509 rumpi
915 3437 1155 3489 hostilium
1207 3448 1517 3488 antennarum
1569 3457 1731 3489 anna-

712 3529 871 3570 menta
904 3519 1142 3588 prm-ipit.
1178 3516 1262 3569 Ita
1298 3519 1514 3568 antemnis
1552 3521 1731 3570 ruenti·

713 3599 800 3651 bus
812 3636 828 3659 ,
857 3609 945 3648 etc.

792 3677 921 3730 Cu».
955 3676 1079 3728 XV.
1115 3692 1162 3727 1.
1194 3675 1422 3745 Dejectis.
1447 3675 1587 3747 Lege
1609 3693 1732 3728 cum

713 3754 972 3808 Oberlino
995 3773 1059 3807 ex
1082 3754 1300 3826 optimis
1322 3751 1479 3807 codd.
1502 3767 1558 3809 et
1586 3756 1735 3827 regio

718 3835 899 3904 5764,
920 3834 1137 3903 dejectis,
1162 3833 1199 3886 i.
1229 3852 1276 3886 e.
1302 3832 1370 3886 de
1390 3851 1599 3888 summo
1622 3852 1733 3887 mn-

713 3913 801 3978 lo,
831 3914 888 3966 in
918 3931 1102 3978 naves,
1131 3913 1214 3966 vel
1242 3931 1387 3967 mare
1410 3916 1592 3986 jactis,
1622 3932 1731 3967 non

714 3992 922 4063 disjectis
935 4032 951 4056 ,
985 4006 1046 4046 ut
1074 3993 1272 4047 habent
1303 3991 1460 4048 codd.
1492 3994 1733 4067 plerique

716 4082 771 4122 et
790 4072 1002 4141 vulgntt.
1034 4070 1156 4126 edd.
1182 4091 1307 4126 nam
1329 4072 1522 4139 Coo-r,
1550 4094 1598 4127 c.
1631 4080 1727 4138 14,

717 4146 919 4202 dixerat
957 4164 1207 4205 antennas
1243 4151 1549 4206 concidisse.
1582 4153 1731 4206 Gre-

718 4246 810 4292 ω
837 4231 1088 4300 expressit
1112 4230 1277 4285 verbo
1306 4229 1651 4286 ,taracinam

1671 2486 1685 2501 .
1724 2436 1933 2521 Nam,
1966 2459 2180 2528 quum.
2233 2438 2445 2504 omnis
2481 2437 2824 2529 juventus,

1895 2665 1945 2698 α.
1981 2644 2418 2702 Circumeeterant.
2436 2648 2541 2702 Alii
2566 2653 2828 2702 cimansis·

1814 2736 1976 2778 terent.
1998 2724 2131 2778 cod.
2150 2728 2213 2779 R.
2233 2721 2827 2797 5‘763,circurnsistemu.

1896 2805 1947 2858 3.
1972 2805 2334 2860 Tmmeendm.
2358 2808 2497 2860 Male
2513 2807 2675 2861 editio
2692 2809 2833 2863 Elze-

1812 2883 2014 2938 viriana
2040 2885 2330 2939 descendere.

1895 2970 1948 3026 4.
1981 2963 2216 3017 Malacia.
2238 2966 2483 3028 Malacia,
2514 2967 2687 3038 inquit
2712 2967 2833 3020 Fes-

1814 3043 2124 3113 tus,flustra
2151 3045 2405 3110 dicuntur,
2444 3065 2584 3116 quam
2625 3050 2674 3098 in
2704 3052 2830 3100 mari

1799 3123 1984 3193 fluctus
2027 3142 2122 3175 non
2168 3136 2440 3186 moventur-,⁸
2477 3141 2617 3197 qaam
2665 3125 2834 3180 Groeca·

1815 3203 2062 3271 μαλακίαν
2076 3216 2269 3255 vocant.
2282 3203 2449 3256 Porro
2467 3205 2689 3275 μαλακίαι
2701 3206 2835 3258 mol·

1813 3280 1982 3333 litiem
2018 3282 2178 3334 marie
2214 3281 2425 3335 indicat.
2458 3284 2629 3350 Gall„
2661 3285 2830 3338 αλιι-ε.

1898 3360 1950 3412 5.
1977 3360 2279 3430 Opportuna.
2305 3363 2472 3415 Aliter
2493 3363 2702 3429 Florus,
2727 3381 2832 3430 111,

1815 3455 1928 3510 cap.
1968 3455 2055 3491 10.
2088 3439 2210 3492 Cum
2256 3440 2451 3494 Venetis
2478 3447 2622 3495 etiam
2662 3443 2835 3496 navale

1817 3517 2003 3579 bellum,
2025 3518 2114 3569 sed
2137 3524 2290 3591 major
2316 3541 2421 3573 cum
2454 3520 2663 3585 Oceano,
2689 3541 2834 3594 quam

1816 3616 1920 3648 cum
1933 3601 2047 3666 ipsis
2059 3600 2270 3662 navibus,
2289 3604 2415 3653 rixa.
2426 3601 2566 3654 Male
2578 3614 2633 3654 et
2649 3615 2836 3655 conta-n

1816 3674 1979 3729 fidem
2007 3676 2239 3731 historin
2253 3718 2269 3745 ,
2289 3689 2350 3732 ut
2371 3698 2455 3732 res
2484 3681 2597 3752 ipsa
2622 3682 2832 3734 clamat.

1899 3759 1952 3808 6.
1983 3757 2128 3808 Hora
2155 3771 2343 3830 quarta.
2376 3759 2496 3813 Sdl.
2529 3761 2719 3813 nostris
2739 3758 2838 3813 de-

1816 3834 1950 3887 cima
1982 3849 2103 3890 ante
2126 3837 2433 3893 meridiana.

1895 3915 2024 3968 Cu.
2057 3917 2208 3969 XVI.
2248 3936 2296 3971 1.
2316 3919 2838 3987 Bellmn...eonfeeuan

1816 4005 1901 4047 est.
1934 3996 2222 4069 Descripsit
2250 3997 2343 4050 hu
2380 4017 2464 4051 res
2492 3999 2596 4051 Dio
2628 3999 2840 4054 Cassius

1815 4091 2010 4141 mlx,
2038 4082 2313 4140 40-44,
2336 4078 2524 4150 Attigit
2546 4078 2767 4146 Strabo,
2797 4080 2837 4132 1.

1818 4170 1907 4220 tv,
1925 4174 1979 4226 p.
2019 4161 2146 4225 ¹9⁴·
2180 4156 2262 4209 Ne
2289 4157 2461 4210 ullum
2482 4156 2701 4229 quidem
2716 4177 2842 4211 ver-

1816 4232 1949 4289 bum
1972 4232 2041 4291 de
2057 4253 2117 4290 ea
2141 4235 2362 4291 emeris
2382 4235 2719 4309 expeditione
2741 4236 2845 4291 ad-
