3111 5147
593 588 731 654 DE
784 588 1128 656 BELLO
1182 588 1669 660 GALLICO.
1727 595 1914 661 LIB.
1969 597 2069 664 ΙΙ.
2290 598 2383 668 85

257 715 622 787 collocarat
652 744 667 786 :
705 718 856 787 inde
898 718 1044 788 duae
1087 719 1372 815 legiones
1393 776 1412 810 ‚
1447 748 1594 816 quae
1635 726 1931 818 proxime
1951 711 1974 751 ³
2000 729 2388 824 conscriptae

258 839 480 912 erant,
498 839 717 895 totum
744 849 981 919 agmen
1012 825 1432 916 claudebant,
1451 829 1881 926 praesidioque
1910 833 2388 926 impedimentis

258 946 467 999 erant.
516 933 789 1025 Equites
831 934 1075 1021 nostri,
1105 960 1256 1003 cum
1290 934 1730 1005 funditoribus
1767 939 2240 1034 sagittariisque
2277 941 2390 1009 flu-

260 1061 415 1104 men
458 1039 886 1132 transgressi,
914 1065 1066 1108 cum
1108 1039 1395 1109 hostium
1439 1044 1734 1136 equitatu
1776 1043 2073 1138 praelium
2117 1050 2388 1115 commi·

266 1157 510 1212 semnt.
545 1146 775 1234 Quum
816 1169 884 1213 se
929 1143 1020 1214 iili
1060 1145 1415 1215 identidem
1457 1148 1526 1215 in
1571 1148 1764 1217 silvas
1807 1150 1890 1217 ad
1946 1176 2099 1221 suos
2143 1155 2389 1248 recipe-

180 1258 193 1265 *
266 1263 447 1337 rent,
474 1273 556 1319 ac
600 1274 827 1323 rursus
853 1270 934 1319 ex
961 1251 1123 1321 silva
1163 1255 1230 1321 in
1268 1268 1530 1322 nostros
1574 1256 1894 1348 impetum
1937 1257 2256 1345 facerent,
2287 1284 2394 1328 ne·

268 1378 390 1447 que
420 1358 635 1426 nostri
668 1355 924 1451 longius
944 1412 964 1444 ,
987 1382 1411 1452 quam-quem
1449 1359 1533 1427 ad
1559 1351 2122 1456 finem-porrecta⁴
2144 1388 2223 1435 ac
2246 1363 2394 1435 loca

270 1476 488 1553 aperta
547 1463 966 1557 pertinebant
991 1517 1009 1551 ‚
1052 1464 1356 1533 cedentes
1405 1468 1657 1559 insequi
1710 1467 2028 1536 auderent
2070 1495 2085 1535 :
2130 1471 2390 1539 interim

269 1562 550 1660 legiones
582 1594 729 1656 sex,
756 1595 900 1664 quae
928 1572 1157 1665 primae
1183 1586 1531 1658 venerant,
1549 1596 1750 1665 opere
1783 1572 2148 1661 dimenso,
2101 1561 2124 1598 ⁵
2176 1591 2393 1645 castra

270 1676 519 1743 munire
563 1691 924 1769 coeperunt.
962 1678 1100 1745 Ubi
1142 1679 1355 1771 prima
1396 1677 1864 1771 impedimenta
1906 1682 2115 1748 nostri
2156 1684 2394 1751 exerci-

277 1792 377 1846 tus
416 1781 501 1848 ab
540 1782 679 1869 his,
717 1784 827 1875 qui
868 1784 937 1849 in
980 1782 1155 1852 silvis
1199 1783 1402 1852 abditi
1441 1781 1769 1872 latebant,
1805 1785 1945 1852 visa
1985 1801 2138 1854 sunt
2149 1778 2391 1915 ‚(quod

280 1897 532 1978 tempus
589 1889 758 1955 inter
819 1913 931 1956 eos
992 1888 1444 1958 committendi
1488 1889 1692 1983 praelii
1732 1907 2133 1960 convenerat
2152 1877 2389 1981 ⁶)ita‚

280 1989 390 2056 ut⁷
417 1992 583 2060 intra
615 1993 807 2062 silvas
844 1996 1049 2063 aciem
1081 1994 1470 2089 ordinesque
1510 1998 1986 2066 constituerant
1996 2012 2240 2092 ‚atque
2268 2000 2391 2092 ipsi

280 2119 414 2164 sese
441 2086 1022 2169 confirmaverant⁸
1027 2101 1284 2187 ‚subito
1312 2101 1618 2170 omnibus
1642 2105 1845 2197 copiis
1875 2103 2393 2197 provolaverunt

282 2201 713 2299 impetumque
757 2208 823 2273 in
863 2221 1125 2276 nostros
1167 2209 1415 2301 equites
1451 2207 1764 2278 fecerunt.
1808 2210 1927 2277 His
1957 2208 2145 2278 facile
2188 2209 2391 2303 pulsis

281 2329 356 2376 ac
390 2313 792 2403 proturbatis
811 2366 829 2400 ‚
858 2312 1220 2382 incredibili
1263 2312 1594 2382 celeritate
1636 2313 1719 2381 ad
1780 2314 2024 2383 flumen
2070 2314 2389 2384 decucur-

276 2431 492 2486 rerunt
509 2417 559 2505 ⁹,
582 2432 660 2485 ut
696 2442 864 2512 pene
902 2442 1039 2487 uno
1075 2433 1372 2515 tempore
1401 2433 1468 2487 et
1503 2419 1587 2487 ad
1626 2418 1819 2487 silvas
1849 2420 2017 2487 etin
2054 2420 2324 2489 flumine
2343 2419 2389 2445 ⁸⁸

273 2520 487 2615 etjam
528 2525 599 2591 in
635 2524 935 2594 manibus
965 2526 1203 2596 nostris
1232 2523 1275 2550 ‘¹
1308 2525 1529 2618 hostes
1560 2524 1955 2596 viderentur.
1987 2524 2237 2595 Eadem
2275 2550 2388 2596 au·.

1368 2736 1486 2788 nire
1513 2736 1739 2788 volebat.
1772 2736 1931 2790 Putat
1964 2736 2151 2788 Morus
2181 2735 2238 2788 id
2283 2754 2392 2788 esse

348 2734 395 2787 3.
429 2736 676 2787 Proxime.
710 2733 836 2788 vid.
869 2753 1013 2807 supr.
1044 2754 1089 2789 c.
1128 2755 1178 2788 2.

345 2820 397 2877 4.
433 2815 682 2868 Pomm.
713 2816 855 2880 Loca
884 2827 1007 2868 sunt
1034 2814 1190 2887 plana
1230 2826 1284 2867 et

272 2905 460 2963 aperta.
492 2893 772 2946 Horatius:

272 2980 370 3025 Ro-
387 2989 461 3027 ent
479 2990 617 3041 aptus
634 2981 766 3042 equis
782 2982 949 3027 Ithaco
966 2980 1121 3035 locus,
1138 2988 1193 3026 ut
1208 2994 1285 3025 ne-

448 3066 545 3112 que
560 3051 713 3112 rhnh

273 3124 513 3168 Pon-rectus
558 3122 749 3184 spatiis,
788 3131 835 3169 et
872 3123 1028 3170 nult-a
1062 3121 1286 3184 prodigus

450 3193 623 3240 herba.

276 3290 539 3344 Minucius
560 3290 707 3342 Felix
729 3302 977 3361 :pometa
1002 3308 1285 3361 canum-am.

276 3368 335 3420 ld
350 3384 528 3423 autem
547 3383 658 3422 erat
677 3368 743 3421 ad
758 3387 937 3441 pessus
950 3370 1056 3423 CC.
1068 3408 1084 3436 ‚
1099 3370 1291 3441 quibus

278 3467 422 3502 mons
467 3462 582 3502 erat
610 3462 838 3520 apertus.
883 3449 1074 3502 Sensus
1114 3462 1290 3501 autem

277 3526 360 3581 hie
396 3542 477 3582 est
504 3546 519 3580 z
548 3547 683 3601 quem
703 3527 961 3597 adfinem,
990 3546 1290 3600 quousque,

278 3607 375 3659 loca
399 3620 573 3680 alm-ea
588 3647 603 3668 .
627 3609 786 3662 nullis
816 3608 959 3660 silvis
987 3620 1121 3661 tuctu
1136 3646 1153 3672 ,
1173 3627 1292 3678 pur*-

277 3701 427 3750 mem,
466 3687 777 3759 perstabant
800 3725 814 3748 ,
860 3685 1292 3740 extendebantur.

279 3765 432 3820 Unde
462 3765 753 3820 delendum
782 3780 859 3819 est
889 3767 944 3818 τὸ
979 3785 1055 3818 ae.
1086 3767 1295 3837 Ingrata

278 3848 547 3917 ceteroqui
571 3846 759 3911 lectio,
781 3863 941 3917 quam
968 3846 1297 3917 suspicantur

278 3926 599 3995 grammatici
611 3927 833 3997 glossam
844 3924 1098 3978 redolere.
1112 3925 1297 3977 Malim

279 4004 630 4076 simpliciter·
657 4023 798 4077 quam
835 4024 969 4077 quem
1013 4005 1084 4055 ad
1113 4002 1292 4072 finem,

281 4079 616 4156 (quomque)
639 4096 861 4154 pon-ecta
887 4077 1297 4146 (subauditum)

276 4164 604 4232 pertinebant,
634 4162 1067 4217 extendebantur.

364 4245 415 4297 5.
455 4244 615 4314 Opere
638 4243 861 4296 dimenso.
897 4241 963 4295 Id
993 4254 1100 4308 est,
1132 4241 1300 4313 spatio

285 4320 556 4390 ἀὴιιεωο,
586 4324 952 4395 inquoopus,
985 4333 1300 4377 cusu-amu-

1368 2812 1514 2885 quod
1545 2814 1785 2867 usitatius
1806 2812 2001 2867 dicitur
2022 2827 2181 2865 castra
2205 2819 2389 2866 metari.

1370 2891 1505 2947 Cod.
1525 2894 1592 2945 R.
1614 2896 1763 2963 ⁵764
1797 2893 2006 2947 dimisso.
2029 2894 2186 2946 Male.

1452 2975 1504 3026 6.
1531 2973 1810 3042 Tempus....
1825 2984 2118 3024 conuenerat.
2133 2971 2259 3025 Vid.
2275 2992 2391 3044 sup.

1368 3069 1426 3104 ca
1470 3065 1504 3103 .·
1523 3069 1611 3120 17.

1428 3070 1506 3200 I’7.
1528 3130 1611 3181 Ita
1636 3141 1703 3182 ut.
1731 3128 1853 3180 Non
1874 3141 2181 3199 postquem,
2205 3131 2393 3183 utvult

1372 3210 1579 3273 Dtvis„
1609 3207 1700 3261 sed
1729 3227 1786 3258 eo
1815 3208 1982 3271 modo,
2005 3227 2145 3280 quo,
2172 3221 2271 3261 etc.

1464 3293 1516 3342 8.
1566 3287 1987 3358 Confirmant-ant.
2025 3287 2265 3342 Consilio
2308 3306 2394 3341 ca-

1373 3366 1597 3441 piendo,
1609 3365 1934 3439 pollicendo,
1954 3366 2297 3420 colim-tande.
2314 3367 2392 3421 M.

1459 3469 1511 3517 9.
1539 3448 1936 3500 Decucumrum.
1962 3447 2044 3499 Al.
2073 3447 2392 3498 decurrerunt.

1465 3547 1486 3580 1
1499 3545 1550 3580 0.
1573 3528 1853 3599 Influmine.
1880 3526 1996 3578 Hoc
2015 3525 2212 3578 flumen
2232 3537 2397 3577 trans·

1377 3609 1536 3678 gressi
1550 3644 1568 3671 ‚
1596 3607 1839 3659 relictum
1869 3608 1925 3658 in
1957 3606 2116 3658 altera
2146 3605 2263 3676 ripa
2288 3605 2398 3658 (Ζω-

1380 3687 1507 3740 saris
1536 3703 1719 3755 agmen
1746 3686 1992 3738 volebant
2020 3683 2235 3736 adoriri.

1457 3784 1480 3819 1
1498 3784 1519 3818 ι
1532 3806 1545 3817 .
1558 3766 1617 3817 In
1628 3764 1840 3816 manibus
1855 3761 2397 3834 nostris.1dest,prope

1380 3846 1675 3908 Romanos,
1702 3842 1959 3896 adstantes
1996 3842 2176 3895 castris
2204 3844 2397 3893 Roma-

1380 3942 1605 3989 norum,
1641 3924 1877 3994 ὕπόγυιιι.
1922 3921 2048 3974 Hanc
2089 3933 2286 3974 nutem·
2316 3922 2398 3973 in·

1381 4016 1555 4056 nuum
1591 4004 1664 4055 ita
1698 4002 2028 4074 propinquos
2055 4019 2164 4055 esse
2194 4001 2367 4053 hostes
2383 4039 2400 4065 ,
2435 4066 2440 4070 .

1382 4095 1444 4134 ut
1466 4101 1602 4154 pene
1626 4082 1868 4134 manibus
1890 4081 2084 4134 nostris
2113 4081 2255 4151 tangi
2276 4098 2399 4152 pos-

1382 4174 1512 4215 sent.
1538 4194 1621 4206 -—
1646 4164 1712 4215 Τὸ
1744 4164 1917 4213 nostris
1955 4156 2239 4213 delendum
2277 4163 2401 4212 'cen-

1384 4241 1528 4296 sebat
1558 4241 1796 4295 Gronov.
1826 4239 1893 4293 ad
1923 4240 2038 4294 Liv.
2066 4241 2153 4304 11·,
2182 4242 2274 4302 46.
2297 4233 2403 4292 Sed

1383 4333 1564 4376 noster
1592 4333 1731 4375 amnt
1754 4321 1911 4393 plene
1938 4320 2104 4392 loqui.
2138 4318 2241 4372 On.

1942 4412 2034 4499 63
