3111 5147
523 540 669 609 DE
721 538 1089 606 BELLO
1144 537 1666 607 GALLICO.
1725 541 1920 607 LIB.
1977 543 2028 613 Ι.

2237 549 2337 640 49

190 672 542 766 angustias
584 671 869 755 itineris,
911 683 979 738 et
1021 669 1538 764 magnitudinem
1583 668 1931 759 silvarum,
1973 697 2119 766 quae
2150 675 2340 751 inter-

191 778 521 847 cederent
562 777 734 844 inter
791 776 970 869 ipsos
1013 791 1209 870 atque
1239 777 1640 845 Ariovistum
1655 829 1678 864 ,
1707 790 1822 844 aut
1863 803 2002 846 rem
2047 779 2337 853 frumen-

193 886 444 952 tariam
474 880 546 969 ¹¹,
567 896 643 950 ut
677 883 833 950 satis
868 881 1214 950 commode
1249 883 1626 976 supportari
1649 897 1905 976 posset,
1926 887 2160 953 timere
2173 883 2218 909 ¹²
2242 887 2339 955 di-

197 990 467 1058 cebant.
504 985 825 1058 Nonnulli
859 989 1056 1055 etiam
1079 989 1323 1056 Caesari
1359 988 1870 1077 renunciabant,
1894 1014 2097 1083 quum
2126 1006 2341 1062 castra

202 1096 501 1181 moveri,
522 1117 601 1161 ac
636 1094 823 1186 signa
857 1092 1015 1161 ferri
1041 1093 1372 1187 jussisset,
1400 1119 1536 1161 non
1572 1093 1716 1163 sore
1734 1094 1914 1164 dicto
1936 1095 2271 1169 audientes
2292 1084 2339 1123 ⁸³

206 1201 487 1288 milites,
512 1223 637 1267 nec
672 1214 945 1293 propter
988 1201 1291 1268 timorem
1336 1200 1525 1293 signa
1564 1196 1834 1270 laturos.

314 1308 461 1375 XL.
503 1308 665 1374 Haec
697 1329 900 1398 quum
945 1304 1511 1374 animadvertisset
1546 1303 1595 1391 ¹,
1629 1321 1996 1376 convocato
2027 1307 2344 1398 concilio,

212 1414 641 1542 omniumque
689 1409 997 1479 ordinum
1023 1408 1043 1434 ²
1089 1410 1177 1478 ad
1225 1410 1292 1478 id
1335 1408 1687 1479 concilium
1739 1412 2046 1482 adhibitis
2094 1416 2343 1485 Centu-

216 1519 509 1588 rionibus
547 1566 569 1605 ,
591 1517 1018 1585 vehementer
1048 1540 1161 1585 eos
1192 1517 1557 1585 incusavit:
1600 1545 1634 1580 α
1665 1517 1990 1606 Primum,
2016 1520 2196 1612 quod
2229 1537 2346 1593 aut

216 1649 411 1718 quam
445 1627 515 1692 in
553 1637 844 1718 partem,
882 1637 996 1691 aut
1040 1647 1174 1716 quo
1221 1620 1492 1691 consilio
1538 1621 1971 1711 ducerentur,
2010 1625 2131 1693 sibi
2166 1651 2343 1718 quae-

219 1731 497 1799 rendum
533 1743 650 1798 aut
696 1727 1119 1822 cogitandum
1164 1742 1474 1822 putarent
1507 1714 1551 1795 ⁴.
1592 1729 1992 1798 Ariovistum
2009 1784 2030 1816 ‚
2068 1754 2137 1798 se
2183 1756 2344 1800 con-

220 1835 361 1904 sule
377 1889 398 1921 ‚
426 1834 835 1929 cupidissime
870 1833 1098 1929 populi
1133 1836 1387 1903 romani
1429 1834 1782 1903 amicitiam
1819 1837 2186 1929 appetisse3
2222 1862 2345 1906 cur

219 1941 406 2009 hunc
451 1956 585 2010 tam
628 1956 869 2009 temere
915 1943 1257 2034 quisquam
1300 1939 1386 2008 ab
1428 1939 1652 2008 officio
1699 1939 2136 2012 discessurum
2168 1943 2346 2036 judi-

221 2045 464 2115 caret?
508 2046 639 2116 Sibi
679 2047 943 2141 quidem
986 2046 1400 2140 persuaderi,
1439 2048 1718 2140 cogmtis
1757 2049 1890 2116 suis
1938 2047 2281 2143 postulatis
2295 2035 2344 2137 ⁵,

315 2277 400 2311 n.
440 2259 555 2310 Rea·
593 2260 978 2326 srmentariam.
1017 2257 1085 2311 Id
1131 2269 1236 2324 est,

223 2336 365 2410 quod
387 2336 452 2391 ad
476 2357 590 2390 rem
613 2338 1009 2391 frumentariam
1032 2336 1234 2390 attinet.

222 2417 458 2490 Elliptioe
510 2416 710 2471 locutio
757 2400 860 2471 est!
903 2415 1105 2470 sunnia
1148 2416 1238 2469 dat

223 2497 553 2564 Perizonius,
586 2495 655 2551 ad
684 2496 881 2550 Sanctii
908 2496 1201 2549 Minervam
1218 2533 1236 2562 ,

223 2594 295 2644 ιι,
326 2581 380 2632 5.

302 2676 323 2710 1
339 2677 391 2712 ².
414 2655 623 2710 Ursatis
642 2655 934 2710 commode...
952 2659 1126 2709 tt'mere.
1150 2657 1236 2708 Ti-

221 2755 335 2789 ·eoe
352 2739 412 2790 in
428 2737 814 2809 competitione
831 2755 954 2790 cum
970 2739 1235 2808 conjunct.

223 2829 301 2881 at,
330 2836 433 2889 pro
462 2827 667 2879 utnon,
697 2816 781 2870 vel
806 2837 883 2869 ne.
915 2816 995 2868 Ita
1031 2816 1144 2869 Cic.
1172 2813 1239 2867 ad

221 2895 549 2961 Terentiam,
575 2914 698 2960 xiv,
723 2916 752 2948 ι
778 2913 791 2948 :
830 2897 993 2948 Timeo
1020 2906 1075 2946 ue
1095 2897 1239 2946 susti-

221 2995 359 3037 πω,-
387 2974 447 3028 id
471 2988 583 3039 est,
611 2994 679 3027 ne
704 2993 813 3028 non
840 2974 1109 3027 sustineas.

302 3057 391 3110 13.
434 3055 556 3110 Non
568 3056 684 3121 sore
705 3054 835 3105 dicto
856 3053 1115 3106 audientes.
1136 3051 1240 3104 Dio

222 3136 397 3189 scibit
441 3135 501 3187 in
560 3134 746 3205 vulgus
792 3133 895 3186 hoc
948 3149 1239 3197 emanasse,

225 3214 360 3286 quod
379 3214 583 3267 bellum
601 3213 880 3284 injustum,
892 3212 1094 3284 injussu
1112 3228 1238 3282 pop.

224 3313 351 3347 rom.
373 3307 429 3347 et
443 3305 667 3366 propter
683 3291 1049 3357 ambitionem,
1078 3290 1241 3344 susci-

226 3386 381 3446 peret.
412 3373 561 3427 Gon.

296 3453 429 3507 Cu».
462 3454 580 3507 xl..
621 3470 670 3505 1.
702 3451 828 3504 Haec
858 3469 997 3524 quum
1029 3448 1243 3501 anbnad-

228 3538 446 3585 uertisset.
462 3534 591 3585 Post
608 3531 722 3584 hoc
742 3531 902 3584 verba
918 3527 1039 3581 edd.
1057 3529 1242 3600 prisco

226 3613 415 3666 hahent
451 3612 625 3665 Cesar
652 3630 671 3663 .-
699 3608 843 3682 quod
871 3609 1091 3661 verbum
1128 3607 1241 3659 Ou-

225 3691 483 3763 dendorp.
502 3711 568 3744 ex
588 3688 696 3743 fide
714 3687 869 3742 codd.
892 3689 1035 3741 velut
1055 3687 1242 3739 inutile

223 3769 506 3826 delendum
536 3781 731 3824 censet.

302 3872 353 3905 2.
402 3851 635 3905 Omnium
687 3848 921 3900 ονᾶἰπιιηι.
975 3845 1245 3917 Significat

226 3936 426 3983 οωιίωιι
435 3930 695 4001 graduum,
712 3927 915 3979 Diversi
933 3927 1074 3979 enim
1094 3936 1243 3977 erant

224 4010 412 4081 gradus
434 4012 576 4062 inter
599 4008 947 4062 centuriones.
959 4004 1088 4057 vid.
1106 4004 1239 4056 Just.

223 4090 361 4162 Lipa.
381 4087 455 4143 de
476 4088 631 4141 milit.
648 4107 783 4140 rom.
802 4087 838 4139 l.
858 4103 934 4151 n,
958 4104 1004 4137 c.
1027 4086 1079 4137 8.
1105 4084 1239 4135 Dav.

302 4171 353 4223 3.
383 4169 641 4223 Aau‘bitis
673 4164 1048 4220 Centun'onibus.
1079 4161 1247 4214 Inusi-

221 4260 328 4302 tato
358 4267 529 4303 more.
550 4247 728 4319 Vulgo
757 4245 897 4299 enim
926 4263 955 4297 e
985 4242 1246 4297 centurio-

320 4378 383 4443 I.

1323 2257 1482 2311 nibus
1492 2256 1750 2329 primipili
1762 2268 1968 2311 tantum
1981 2257 2049 2312 ad
2062 2259 2345 2314 concilium

1323 2335 1725 2390 adhibebantur.

1407 2422 1459 2479 4.
1493 2416 1603 2469 Sibi
1629 2435 1776 2488 quoer.
1809 2427 1897 2468 aut
1925 2416 2167 2487 cogitanti.
2194 2429 2345 2489 puta·

1324 2507 1444 2548 rent.
1488 2495 1669 2547 Bene:
1699 2513 1954 2567 namque,
1987 2509 2049 2549 ut
2085 2497 2160 2550 ait
2196 2498 2345 2553 Otho

1323 2575 1459 2647 Imp.
1477 2572 1619 2647 apud
1636 2575 1761 2629 Tac.
1773 2575 1909 2629 nist.
1927 2578 1981 2643 1,
1998 2579 2097 2643 84:
2118 2579 2346 2632 Par-endo

1317 2658 1493 2725 ponas,
1516 2655 1865 2718 commilitones,
1887 2676 2025 2727 qnam
2043 2662 2235 2729 imperia
2258 2659 2347 2710 du-

1323 2754 1427 2785 cum
1445 2734 1731 2785 sciscitando
1741 2774 1755 2797 ,
1779 2755 1851 2786 res
1865 2737 2088 2787 militares
2101 2743 2343 2790 continen-

1326 2824 1419 2865 tur.
1452 2814 1522 2865 Et
1550 2832 1673 2865 mox
1697 2830 1711 2864 ε
1743 2815 1894 2867 Vobis
1917 2835 2054 2866 ama
2084 2828 2133 2867 et
2161 2822 2347 2870 antinus

1323 2898 1389 2944 sit
1409 2912 1428 2945 .·
1456 2893 1574 2944 mihi
1595 2892 1852 2956 consilium,
1877 2906 1929 2944 et
1951 2899 2144 2946 virtutis
2171 2908 2343 2950 vestr-cs

1326 2975 1532 3042 regimen
1564 2972 1825 3044 relinquite.

1410 3051 1460 3103 5.
1506 3050 1726 3120 Cognitis
1741 3053 2011 3120 postulatis.
2025 3051 2153 3105 Vid.
2177 3073 2223 3106 c.
2246 3054 2338 3109 35.

1327 3129 1587 3182 Caeterum
1610 3126 1753 3199 quod
1775 3128 1887 3182 dixi
1907 3131 1962 3183 h.
1985 3131 2103 3184 1000
2127 3129 2198 3184 de
2218 3151 2342 3203 pos-

1325 3209 1503 3262 tulatis
1541 3209 1759 3261 Caesaris
1798 3227 1906 3261 non
1947 3222 2182 3281 repetam
2226 3229 2239 3264 ε
2284 3211 2342 3265 id

1325 3299 1530 3341 tantum
1566 3286 1772 3341 addam.
1796 3289 1940 3342 Vere
1963 3290 2095 3341 mihi
2131 3291 2344 3346 videtur

1327 3368 1459 3434 Dio,
1480 3385 1686 3420 xxxvm
1705 3406 1722 3434 ,
1748 3368 1841 3433 34,
1862 3366 2139 3423 tradidisse
2171 3372 2340 3425 Casa-

1324 3465 1438 3500 rem
1475 3448 1588 3501 haec
1627 3448 1694 3501 ab
1734 3448 1997 3501 Ariovisto
2026 3450 2340 3520 postulasse:

1326 3529 1435 3595 Οὐχ
1456 3527 1531 3579 ὅτι
1558 3530 1642 3580 καὶ
1669 3528 1995 3590 καταπλήξειν
2028 3531 2200 3585 αὑτὸν.
2237 3531 2342 3583 ἀλλ’

1327 3604 1401 3657 ὅτι
1439 3606 1658 3676 ὃξοργιιῖν
1680 3648 1695 3671 ,
1736 3606 1834 3658 κάκ
1878 3609 2053 3662 τούτου
2102 3609 2339 3678 πρόφασιν

1324 3687 1538 3755 πολέμου
1591 3685 1675 3739 καὶ
1726 3687 1940 3755 μεγάλην
1993 3684 2074 3740 καὶ
2123 3689 2341 3757 εὖπριπῆ

1324 3763 1555 3830 λήψισθαι
1576 3801 1592 3829 ,
1637 3766 1860 3821 ἤλπισιν.
1893 3763 2050 3818 Haud
2090 3784 2214 3818 sane
2246 3785 2340 3820 ne-

1327 3841 1555 3914 gandum
1578 3881 1594 3908 ,
1627 3844 1882 3896 Caesarem
1917 3844 1973 3896 in
2006 3844 2151 3897 hisce
2194 3864 2338 3899 com·

1327 3923 1594 3974 mentariis
1614 3920 1893 3992 aliquando
1913 3923 2059 3976 fictas
2081 3923 2342 3977 bellorum

1327 4019 1503 4054 causas
1523 3998 1846 4063 obtendisse,
1864 4020 2028 4072 quum
2046 4021 2224 4056 veram
2238 4002 2341 4058 dis-

1326 4080 1598 4133 simularit.
1625 4076 1750 4131 vid.
1771 4080 1863 4131 lib.
1894 4098 1950 4132 ιν
1982 4079 2048 4134 de
2080 4083 2200 4135 bell.
2220 4085 2339 4154 gall.

1329 4179 1372 4213 c.
1395 4177 1466 4224 11,
1494 4160 1586 4211 ubi
1617 4157 1926 4211 invadenda
1955 4161 2237 4216 Britannia
2255 4182 2339 4218 ra-

1328 4240 1555 4294 rationes
1584 4251 1776 4292 narrat.
1811 4240 1945 4293 Dav.

1927 4367 1972 4450 4
