3111 5147
681 573 833 645 266
975 575 1053 641 C.
1104 571 1389 641 JULII
1442 569 1907 641 CAESARIS
1960 566 2509 638 COMMENT.

678 706 1039 801 Orcyniam
1056 691 1082 736 ⁴
1109 703 1443 800 appellant
1456 758 1477 792 ,
1497 695 1771 793 )Volcae
1797 704 2193 796 Tectosages
2210 684 2234 725 ⁵
2260 712 2760 795 occupaverunt
2780 752 2804 789 ‚

678 828 875 908 atque
914 813 1004 881 ibi
1047 811 1503 881 consederunt.
1545 811 1716 898 Quae
1751 832 1912 903 gens
1944 809 2029 877 ad
2061 809 2192 878 hoc
2225 822 2486 902 tempus
2517 809 2595 876 iis
2638 806 2802 877 sedi·

679 919 802 989 bus
822 944 961 989 sese
985 919 1278 988 continet
1291 939 1797 1046 ‚summamque
1804 915 2043 984 habet
2020 916 2286 1008 justitiae
2307 929 2374 983 et
2394 911 2646 984 bellicae
2666 913 2805 983 lau-

677 1025 779 1096 dis
819 1027 1238 1144 opinionem:
1276 1047 1455 1092 nunc
1492 1006 1797 1117 quoquc⁶
1826 1023 1893 1091 in
1929 1021 2206 1091 eadem
2189 1023 2446 1115 inopia,
2478 1035 2806 1115 egestate,

679 1133 1025 1250 patientia,
1053 1154 1185 1225 qua
1216 1131 1532 1199 Germani
1547 1143 2027 1223 ,3permanent
2049 1127 2284 1197 eodem
2313 1131 2493 1197 victu
2525 1143 2593 1197 et
2623 1125 2805 1197 cultu

679 1239 977 1333 corporis
1011 1251 1329 1325 utuntur3
1359 1234 1608 1307 Gallis⁷
1639 1250 1858 1305 autem
1893 1220 2285 1330 provinciae⁸
2314 1236 2770 1353 propinquitas
2786 1286 2807 1322 ‚

683 1358 752 1413 et
779 1345 1364 1412 transmarinarum
1402 1366 1626 1414 rerum
1661 1343 1932 1430 notitia,
1958 1340 2164 1411 multa
2195 1341 2281 1409 ad
2311 1343 2569 1436 copiam
2610 1357 2811 1435 atque

682 1473 840 1519 usus
866 1449 1157 1545 largitur.
1188 1448 1508 1518 Paulatim
1545 1448 1895 1519 assuefacti
1920 1449 2243 1542 superari,
2272 1446 2620 1540 multisque
2648 1446 2809 1514 victi

682 1554 959 1651 praeliis,
989 1581 1073 1625 ne
1116 1581 1185 1625 se
1217 1555 1480 1650 quidem
1524 1557 1649 1649 ipsi
1690 1578 1843 1624 cum
1884 1550 2007 1622 illis
2040 1555 2283 1621 virtute
2311 1565 2711 1646 comparant.

791 1665 1008 1733 XXV.
1066 1661 1279 1754 Hujus
1319 1663 1664 1756 Hercyniae
1699 1659 1876 1729 silvae
1898 1683 2094 1755 ,quse
2122 1683 2324 1753 supra
2363 1659 2809 1728 demonstrata

687 1782 830 1856 est,
873 1766 1200 1837 latitudo¹
1239 1791 1481 1837 novem
1525 1767 1782 1836 dierum
1834 1768 1960 1835 iter
2007 1763 2357 1885 expedito²
2405 1779 2637 1861 patet.
2673 1787 2809 1832 non

687 1875 862 1942 enim
898 1872 1084 1943 aliter
1121 1859 1335 1961 finjri³
1372 1888 1622 1968 potest,
1656 1897 1868 1968 neque
1897 1897 2238 1942 mensuras
2272 1873 2577 1947 itinerum
2608 1896 2813 1940 nove·

688 1994 863 2048 runt.
912 1982 1146 2050 Oritur
1194 1981 1280 2049 ab
1328 1980 1829 2068 Helvetiorum,
1878 1994 1947 2048 et
1989 1982 2386 2066 Nemetum,
2438 1993 2505 2047 et
2559 1981 2816 2046 Raura-

691 2111 922 2159 corum
965 2088 1208 2158 finibus
1234 2142 1254 2176 ‚
1299 2034 1978 2183 rectaque⁴ssu1i1inis
2019 2086 2311 2155 Danubii
2352 2087 2625 2180 regione
2669 2108 2817 2179 per-

771 2268 826 2326 4.
860 2262 1126 2334 Orcyniam
1147 2264 1327 2316 silvam.
1356 2263 1440 2315 Ita
1469 2260 1626 2315 codd.
1657 2272 1711 2315 et

690 2340 811 2395 edd.
835 2355 962 2395 vett.
990 2344 1070 2396 Ita
1092 2362 1303 2415 quoque
1324 2342 1638 2394 Ptolemaeus
1658 2353 1711 2394 et

691 2440 889 2493 graecus
903 2423 1176 2493 interpres,
1198 2420 1396 2474 Eadem
1408 2433 1487 2474 est
1503 2439 1563 2474 ac
1578 2421 1708 2472 Her-

694 2504 840 2572 cynia
871 2502 1008 2554 silva.
1052 2501 1246 2553 Ortum
1275 2500 1379 2552 hoc
1407 2517 1604 2554 nomen
1646 2499 1713 2552 ab

695 2582 888 2647 Har-ts,
932 2580 1243 2633 Hartzwald.
1285 2578 1413 2632 Vid.
1471 2577 1710 2633 Iudicem

691 2619 1114 2730 geogra’phicnm

776 2737 829 2789 5.
848 2738 1016 2790 Volcoe
1048 2739 1347 2807 Tectosages.
1362 2737 1479 2791 Hoc
1508 2739 1626 2792 loco
1655 2739 1716 2791 de

698 2815 866 2870 Volcis
898 2818 948 2869 Τ
939 2818 1254 2888 eceoeagzhm
1280 2818 1463 2884 Gallis,
1478 2818 1716 2891 loquitur

697 2895 895 2962 Caesar,
910 2909 962 2949 et
975 2898 1142 2951 Tacit.
1155 2897 1232 2951 M.
1248 2897 1316 2951 G.
1343 2899 1412 2951 28
1430 2936 1447 2964 ‚
1462 2899 1554 2951 ubi
1571 2899 1726 2974 hunc.

694 2975 872 3029 locum
914 2978 1132 3030 Caesaris
1177 2990 1554 3031 commemorat
1572 3017 1587 3044 ,
1622 2976 1714 3031 ad·

696 3054 780 3109 dit
805 3057 963 3111 etiam
993 3057 1262 3111 Helvetios
1293 3070 1346 3110 et
1387 3060 1546 3111 Boios
1587 3058 1716 3110 olim

697 3134 755 3188 in
778 3136 1114 3190 Germaniam
1147 3138 1513 3208 commigrasse
1536 3156 1549 3190 ε
1579 3138 1718 3191 frus·

699 3226 778 3268 tra
817 3235 942 3288 ergo
965 3216 1219 3270 Schedius
1248 3210 1351 3278 (de
1389 3216 1504 3269 Diis
1532 3217 1712 3271 Germ.

697 3313 753 3367 p.
788 3296 880 3360 13,
914 3302 977 3359 14
994 3292 1184 3368 )negat
1208 3315 1332 3348 vera
1359 3296 1620 3349 Caesarem
1644 3298 1721 3349 lo-

699 3386 881 3427 cutum
897 3393 1025 3440 esse,
1035 3394 1201 3446 quum
1215 3375 1396 3428 Gallos
1411 3387 1555 3430 trans
1576 3376 1718 3429 Rhe-

699 3472 831 3506 num
845 3454 1092 3525 migrasse
1105 3454 1387 3526 scripserit.
1404 3454 1607 3526 Nempe
1617 3473 1717 3526 pu·

700 3545 775 3586 tat
822 3534 1115 3587 Germanos
1160 3535 1264 3587 hoc
1315 3552 1426 3586 non
1475 3551 1719 3605 passm-os

697 3614 873 3667 fuisse.
905 3612 1008 3666 Sed
1052 3613 1273 3666 historia
1310 3631 1420 3665 non
1457 3614 1720 3666 refutatur

698 3691 1084 3747 ratiocinando.
1116 3693 1327 3746 Motus.
1356 3693 1613 3746 Nonnulli
1641 3693 1717 3746 le·

698 3785 831 3844 gunt
853 3773 1161 3845 simpliciter
1191 3774 1473 3844 Tectosages
1492 3786 1546 3826 et
1564 3791 1715 3844 graec.

698 3851 956 3925 interpres
972 3854 1150 3918 habet,
1167 3856 1214 3906 οἵ
1224 3873 1279 3906 τε
1302 3854 1481 3908 Βόλιιαι
1497 3855 1581 3907 καὶ
1599 3860 1720 3906 Tun·

698 3934 936 4003 τόσαγεςς
961 3934 1096 3986 male
1121 3933 1175 3988 h.
1208 3934 1245 3987 l.
1278 3934 1479 3987 intrusa
1505 3946 1631 3987 sunt
1659 3953 1715 3986 τι

698 4024 753 4064 et
771 4013 888 4079 καις
907 4032 1030 4066 nam
1050 4013 1119 4068 de
1142 4012 1350 4067 duobus
1371 4014 1585 4087 populis
1602 4014 1657 4067 h.
1677 4013 1715 4066 Ι.

697 4108 809 4144 non
829 4093 1018 4165 agitur.

758 4174 814 4225 6.
828 4173 973 4226 Nunc
990 4193 1185 4246 quoque.
1201 4174 1282 4226 Al.
1297 4193 1422 4225 nunc
1434 4173 1634 4246 quidem,
1648 4172 1712 4226 al.

702 4269 848 4314 nunc,
864 4253 931 4306 al.
945 4257 1324 4325 nuncqueniaru,
1343 4253 1409 4305 al.
1423 4272 1546 4305 nunc
1570 4252 1713 4323 quod.

700 4329 846 4398 Quid
855 4351 1036 4387 revera
1048 4333 1313 4404 scripserit
1325 4333 1453 4391 Cas.
1465 4332 1713 4386 nescitur.

1879 2279 1929 2331 7.
1969 2259 2148 2315 Gallis.
2181 2259 2246 2312 Id
2269 2271 2377 2325 est,
2410 2258 2595 2312 Volcis
2625 2259 2817 2313 Tecto-

1797 2326 2023 2411 sagibus‚
2048 2340 2141 2412 qui
2154 2339 2210 2392 ιιι
2231 2338 2401 2393 Gallia
2420 2350 2815 2405 remanserunt,

1796 2438 1907 2473 non
1930 2418 2238 2490 migrarunt.

1880 2503 1932 2554 8.
1951 2500 2237 2551 Provincioe.
2257 2497 2398 2551 Male
2411 2497 2660 2551 nonnulli
2681 2496 2818 2550 omi-

1799 2592 1981 2632 serunt
2008 2578 2114 2632 hoc
2152 2579 2376 2632 verbum
2405 2577 2553 2651 quod
2585 2597 2819 2632 necessa·

1798 2659 1938 2711 n‘um
1959 2671 2052 2712 est.
2082 2659 2251 2712 Groec.
2283 2658 2574 2731 interpres,
2606 2665 2690 2719 τῆς
2722 2665 2817 2710 τῶν

1799 2727 2035 2810 ῥωμαίυν
2053 2740 2229 2811 ἐπαρχὶ
2214 2757 2307 2800 tm
2320 2737 2637 2793 Codmoster
2651 2737 2821 2808 5763,

1788 2823 2158 2889 provinciarum.
2182 2819 2328 2871 Alter
2356 2837 2485 2872 vero
2502 2822 2779 2890 provincia.

1880 2899 2009 2952 Cn.
2037 2899 2194 2950 XXV
2215 2916 2283 2952 .1.
2308 2899 2575 2970 Her-cynice
2599 2898 2733 2950 εἰὶσε
2753 2898 2823 2948 la-

1802 2978 1971 3031 titudo.
2001 2977 2130 3030 vid.
2163 2976 2373 3032 Cluver.
2403 2979 2458 3031 in
2486 2978 2670 3031 Germ.
2689 2977 2822 3029 anti·

1801 3077 1937 3129 qua,
1969 3058 2159 3110 Cellar.
2189 3059 2343 3111 notit.
2381 3058 2540 3111 Orbis
2587 3056 2823 3128 antiqui,

1800 3136 1866 3190 Τ.
1896 3139 1956 3201 1,
2002 3157 2066 3203 ιι,
2103 3137 2171 3201 5,
2202 3137 2304 3201 3ι,
2336 3149 2389 3190 et
2419 3133 2581 3190 indic.
2606 3149 2785 3207 geogr.
2854 3183 2859 3186 .

1886 3237 1938 3270 ιι.
1970 3216 2232 3288 Expedite.
2267 3217 2333 3269 Ei
2359 3216 2453 3288 qni
2480 3216 2696 3267 sarcinis
2713 3232 2826 3270 non

1801 3294 2117 3368 impeditus,
2134 3297 2216 3349 vel
2249 3296 2576 3348 continenter
2612 3303 2668 3343 et
2706 3311 2822 3345 ma-

1801 3377 1918 3446 gnis
1961 3376 2238 3428 itineribus
2287 3373 2532 3446 graditur.
2575 3370 2747 3423 Porro
2789 3389 2824 3424 a

1803 3455 2087 3507 Nemetum
2099 3453 2295 3507 finibus
2311 3452 2377 3508 ad
2389 3452 2516 3504 fines
2528 3450 2826 3516 Dacorum,

1809 3551 1920 3604 ²70
1945 3533 2107 3586 leucae
2133 3545 2187 3586 et
2208 3535 2387 3606 plures
2406 3543 2555 3596 sunt3
2575 3527 2827 3602 expedite

1802 3612 1964 3684 igitur
1988 3615 2227 3684 pergenti
2262 3615 2331 3666 30
2361 3614 2399 3667 1.
2431 3624 2553 3665 sunt
2584 3609 2827 3683 quotidie

1803 3690 2151 3745 absolvendus.
2204 3693 2274 3745 Et
2308 3694 2421 3747 hoc
2459 3688 2689 3745 latitudo
2746 3702 2825 3743 est

1801 3772 2081 3845 Hercynia
2106 3772 2264 3826 silve.

1887 3853 1938 3906 3.
1984 3853 2101 3904 Non
2140 3856 2261 3905 enim
2298 3853 2443 3903 aliter·
2464 3850 2614 3921 finiri
2645 3860 2820 3922 potest.

1801 3931 1982 3984 Finire
1997 3971 2013 3996 ‚
2045 3932 2135 3985 hic
2160 3930 2503 3984 insolentiore
2530 3929 2824 4002 significatu

1802 4023 1911 4078 est,
1936 4011 2170 4074 dimetiri,
2202 4030 2293 4064 seu
2316 4012 2547 4083 spatium
2576 4030 2605 4062 a
2630 4009 2824 4063 finibus

1803 4089 1869 4145 ad
1894 4091 2026 4146 fines
2055 4110 2382 4164 cognoscere.
2418 4092 2663 4143 Vossius.

1886 4180 1937 4236 4.
1971 4174 2133 4226 Recta.
2166 4170 2231 4225 Id
2260 4182 2364 4235 est,
2396 4181 2659 4242 perpetuo
2694 4179 2748 4220 et
2767 4167 2823 4219 in

1801 4253 2019 4325 longum
2031 4265 2275 4326 porrecto
2292 4263 2480 4304 tractu.
2503 4250 2589 4302 Sic
2607 4259 2661 4302 et
2675 4247 2824 4302 Curt-

1801 4333 1837 4387 l.
1866 4351 1982 4401 vn,
2002 4353 2034 4404 7
2052 4371 2069 4402 ,
2099 4340 2159 4400 4,
2192 4333 2283 4385 ubi
2300 4329 2409 4385 vid.
2434 4327 2816 4384 Piuscunmn.
