3111 5147
760 520 847 567 10

1022 499 1100 567 C.
1154 497 1437 564 JULII
1506 496 1976 564 CAESARIS
2041 495 2583 563 COMMENT.

747 654 979 725 agrum
1028 632 1349 699 Noricum
1388 632 1819 714 transierant,
1859 629 2301 721 Noreiamque
2319 618 2344 654 ⁸
2366 642 2862 722 oppugnarant‚

747 753 1045 831 receptos
1079 735 1164 804 ad
1207 761 1277 805 se
1311 738 1525 805 socios
1561 736 1684 805 sibi
1725 735 2100 804 adsciscunt
2122 736 2166 803 ⁹.

850 845 967 912 Ἦ.
1002 846 1213 911 Erant
1231 845 1504 911 omnino
1526 845 1762 911 itinera
1790 840 1970 911 duo¹
1977 895 1997 929 ,
2023 843 2261 935 quibus
2295 841 2635 910 itineribus
2662 839 2864 908 domo

744 950 920 1017 exire
946 964 1257 1043 possent.
1288 973 1496 1017 unum
1525 974 1647 1043 per
1679 951 2052 1042 Sequanos,
2079 963 2428 1042 angustum
2465 962 2533 1016 et
2564 946 2864 1076 difficile,

744 1056 917 1124 inter
941 1071 1234 1124 montem
1259 1060 1488 1124 Juram
1522 1069 1592 1127 et
1624 1055 1871 1123 flumen
1907 1054 2341 1123 Rhodanum²
2347 1106 2368 1140 ,
2391 1055 2503 1120 vix
2524 1038 2699 1147 qua³
2733 1055 2862 1122 sin·

745 1160 881 1255 guli
910 1164 1081 1229 carri
1108 1160 1541 1249 ducerentur3
1565 1186 1759 1231 mons
1788 1177 2010 1230 autem
2031 1157 2381 1230 altissimus
2408 1158 2863 1254 impendebat,

746 1282 823 1335 ut
864 1265 1055 1336 facile
1095 1270 1409 1364 perpauci
1462 1268 1815 1363 prohibere
1865 1283 2180 1364 possent.
2222 1266 2500 1336 alterum
2542 1291 2662 1360 per
2703 1267 2862 1334 Pro·

744 1375 1029 1442 vinciam
1078 1390 1409 1461 nostram,
1445 1374 1657 1443 multo
1692 1373 1945 1444 facilius
1992 1389 2189 1469 atque
2229 1373 2628 1468 expediuuS,
2662 1398 2860 1467 prop-

743 1494 925 1548 terea
971 1481 1147 1574 quod
1204 1480 1657 1550 Helvetiormn
1714 1484 1887 1551 inter
1932 1482 2097 1551 fines
2137 1496 2206 1549 et
2255 1479 2685 1573 Allobrogum
2701 1531 2722 1565 ,
2753 1481 2862 1572 qui

744 1609 957 1680 nuper
983 1589 1199 1682 pacati
1228 1578 1463 1656 erant⁴
1468 1588 1886 1676 ,Rhodanus
1922 1589 2068 1657 fluit
2081 1590 2312 1681 ,isque
2341 1585 2672 1655 nonnullis
2707 1584 2862 1654 locis

821 1771 876 1823 8.
916 1771 1164 1824 Nor-eiam.
1204 1771 1285 1822 Ita
1315 1769 1524 1824 codices
1563 1771 1754 1843 optimi

742 1862 796 1901 et
823 1863 1015 1903 vetust.
1046 1863 1100 1902 et
1130 1851 1350 1921 interpr.
1379 1868 1531 1920 grec.
1559 1850 1615 1902 in
1647 1869 1754 1919 quo

739 1930 895 1998 Νορηΐ
894 1950 951 1980 αν
973 1967 992 1994 ,
1032 1942 1085 1980 et
1131 1928 1500 1999 Peutingerina
1554 1930 1749 1982 tabula.

740 2008 880 2059 Male
920 2009 1083 2078 igitur
1132 2008 1421 2062 Glareanus
1455 2021 1509 2061 et
1533 2010 1754 2079 vulgatt.

739 2084 861 2138 edd.
902 2088 1147 2140 Noricam.
1179 2089 1260 2140 Ita
1305 2088 1576 2140 Cellarius.
1607 2087 1755 2140 Idem

737 2163 871 2218 duas
882 2168 1041 2219 urbes
1054 2168 1285 2238 agnoscit
1297 2166 1502 2220 Nomius
1515 2167 1757 2233 nomine;

738 2264 901 2298 unam
942 2246 998 2298 in
1036 2248 1233 2300 Norico
1271 2265 1429 2318 agro,
1452 2247 1668 2299 alteram
1699 2248 1756 2298 in

740 2325 943 2379 camis.
964 2326 1193 2378 Manet-t
1210 2325 1447 2380 eamdem
1464 2345 1575 2379 esse
1589 2337 1755 2399 putat.

827 2425 880 2473 9.
902 2406 997 2459 Ad
1012 2428 1063 2458 se
1083 2411 1232 2459 socios
1255 2406 1539 2458 adsciscunt.
1563 2404 1629 2458 Id
1652 2418 1757 2472 est,

738 2484 936 2537 foedere
956 2504 1051 2537 eos
1082 2487 1183 2538 sibi
1205 2486 1374 2539 socios
1397 2488 1644 2557 jungunt.
1661 2487 1761 2538 Re-

737 2565 942 2636 cipiunt
964 2584 1053 2618 eos
1086 2562 1151 2618 ad
1169 2585 1250 2632 se,
1268 2579 1322 2618 et
1343 2563 1560 2637 quidem
1590 2566 1663 2619 ita
1690 2564 1758 2619 ad

737 2662 792 2696 se
812 2645 1102 2716 recipiunt,
1122 2646 1221 2698 sibi
1240 2644 1562 2712 adsciscunt,
1586 2659 1647 2698 ut
1670 2665 1759 2700 eos

739 2724 966 2776 habeant
992 2725 1175 2778 socios.
1203 2725 1351 2778 Mon.

818 2804 1063 2856 eva
1101 2823 1150 2857 1.
1176 2806 1340 2857 Erant
1367 2809 1559 2855 omnino
1588 2808 1762 2857 itinera

737 2881 849 2934 duo.
883 2884 1217 2938 Rhellicanus
1247 2883 1517 2937 Helvi-tius
1543 2884 1639 2937 has
1666 2903 1760 2937 an-

736 2963 931 3033 gustias
960 2983 989 3015 a
1016 2964 1181 3017 Gallis
1203 2977 1255 3017 et
1279 2984 1306 3017 a
1331 2965 1610 3017 Germanis
1632 2965 1760 3018 Clu·

736 3060 816 3094 sas
856 3037 1064 3114 (lepos
1094 3045 1153 3095 de
1191 3045 1241 3095 la
1283 3040 1470 3106 Clu-ee)
1509 3044 1759 3116 appellari

736 3121 960 3193 scripsit.
993 3124 1283 3177 Glareanus
1311 3143 1465 3189 vero,
1489 3123 1761 3178 Helvetius

736 3214 789 3254 et
812 3202 1105 3275 ipse,negat
1126 3223 1235 3256 esse
1248 3223 1307 3256 ea
1323 3217 1529 3256 tantum
1551 3205 1759 3268 itinera,

736 3292 788 3332 et
819 3282 1011 3334 multos
1035 3296 1215 3354 patere
1240 3284 1409 3336 exitus
1424 3282 1554 3336 dicit
1579 3301 1593 3335 ε
1617 3281 1760 3336 unde

734 3361 949 3432 conjicit
976 3362 1113 3414 hanc
1141 3364 1411 3434 regionem
1434 3360 1620 3416 auditu
1643 3376 1758 3416 tan-

736 3451 848 3492 tum
879 3442 1036 3493 fuisse
1058 3453 1235 3494 notam
1246 3443 1625 3514 Caesari,quam
1648 3443 1759 3514 ipse

732 3538 842 3572 non
869 3519 1078 3575 viderit.
1100 3522 1241 3576 Gon.

818 3620 868 3653 2.
911 3601 1013 3652 Per
1044 3602 1319 3674 Sequanos,
1359 3606 1483 3654 inter
1509 3602 1679 3655 Iuram
1711 3615 1760 3654 et

733 3679 1032 3733 Rhodanum.
1073 3680 1289 3735 Graecus
1330 3682 1492 3734 habet
1535 3682 1638 3734 Καὶ
1675 3687 1756 3735 τοῦ

733 3747 883 3812 Nm
905 3780 1083 3813 errore
1106 3761 1398 3814 manifeste.
1416 3761 1632 3814 Frustra
1651 3763 1759 3815 lec-

734 3838 932 3891 tionem
970 3843 1083 3912 ejus
1122 3842 1257 3894 tueri
1294 3841 1513 3894 tentavit
1549 3841 1758 3895 Samuel

733 3918 1039 3973 Franciscus
1072 3922 1361 3974 Nathanael
1396 3923 1606 3987 Morus,
1637 3924 1756 3993 qui,

732 4016 873 4050 anno
904 4002 1188 4071 superioris
1218 4003 1392 4056 saeculi
1406 4004 1752 4074 octogesimo,

730 4075 1018 4131 editionem
1038 4082 1099 4133 C.
1117 4082 1150 4134 J
1155 4083 1225 4135 ul.
1242 4084 1461 4136 Caesaris
1489 4102 1754 4136 commen·

732 4158 1019 4225 tariorum,
1048 4165 1078 4212 a
1106 4161 1333 4214 Cellario
1364 4163 1639 4233 aliquoties
1669 4183 1753 4215 re-

728 4237 974 4305 petitam,
991 4240 1163 4292 emisit
1188 4241 1242 4293 in
1264 4241 1463 4307 lucem,
1491 4261 1755 4314 quemque

1841 1771 2108 1824 multoties
2149 1784 2334 1824 testem
2385 1771 2595 1824 invocat
2644 1768 2862 1822 oberlin

1842 1852 1898 1902 in
1930 1869 2023 1904 sua
2061 1849 2188 1902 edit.
2229 1851 2508 1923 Lipsiana,
2533 1850 2658 1902 anni
2688 1851 2864 1914 1805;

1842 1930 2036 1983 ἔπειτα
2064 1929 2208 1983 idem
2222 1969 2241 1995 ,
2261 1932 2478 2002 inquam
2492 1968 2510 1995 ‚
2531 1950 2596 1983 ex
2625 1929 2866 1982 Christo·

1841 2010 2013 2081 phoro
2043 2010 2223 2062 Clusio
2262 2011 2316 2062 in
2345 2010 2613 2062 Pmbahfl.
2641 2008 2866 2073 criticis,

1842 2108 1897 2161 p.
1939 2093 2109 2142 16-20
2138 2089 2240 2160 legi
2267 2090 2381 2141 vult
2413 2090 2640 2141 Rhenum.
2666 2089 2748 2140 De
2767 2088 2866 2140 isto

1845 2167 2093 2235 flumine,
2128 2169 2232 2220 hoc
2267 2169 2418 2234 1000,
2460 2168 2604 2220 nulla
2646 2167 2867 2238 quaestio

1842 2265 1954 2300 esse
1993 2260 2198 2319 potest,
2240 2267 2363 2301 cum
2411 2249 2511 2300 iter
2555 2248 2870 2300 facientibus

1843 2326 2096 2380 Helvetiis
2121 2346 2219 2399 per
2247 2328 2581 2380 Provinciam
2607 2329 2665 2379 in
2677 2327 2866 2379 Santo-

1843 2425 1937 2459 nes
1958 2407 2103 2459 nulla
2125 2408 2223 2458 viae
2241 2409 2378 2459 ratio
2399 2426 2509 2459 esse
2527 2419 2700 2478 posset
2723 2420 2867 2459 tram

1844 2485 2086 2539 Rhenum
2102 2526 2119 2553 ,
2149 2499 2202 2539 et
2227 2505 2324 2559 per
2353 2489 2614 2539 Rauracos
2634 2505 2864 2558 campos.

1843 2567 2027 2623 Lectio
2056 2564 2212 2621 codd.
2245 2566 2408 2639 igitur
2431 2563 2685 2620 servanda
2711 2579 2806 2619 est.

1927 2647 1979 2700 3.
2023 2648 2127 2699 Vis
2155 2667 2266 2719 qua.
2300 2645 2532 2699 Subnudi
2559 2659 2746 2717 parte,
2770 2665 2866 2700 seu

1843 2727 2289 2799 regione.Vulgat.
2307 2747 2425 2799 quo,
2443 2724 2663 2779 subaud.
2680 2730 2864 2779 itiam.

1926 2814 1978 2871 4.
2023 2807 2191 2877 Nuper
2203 2810 2385 2878 pacati.
2411 2806 2530 2858 scil.
2554 2805 2658 2857 aC.
2675 2806 2869 2878 Pomp·

1843 2886 1978 2939 tinio
2009 2887 2255 2939 Praetore.
2273 2918 2353 2929 -—-
2375 2886 2706 2957 Allobroges,
2737 2898 2871 2939 teste

1844 2966 2101 3018 Strabone
2115 3005 2132 3032 ‚
2145 2968 2181 3019 1.
2199 2984 2256 3017 xv
2271 3005 2288 3029 ,
2302 2985 2354 3038 p.
2384 2984 2404 3018 1
2417 2966 2489 3018 86
2508 3003 2525 3030 ,
2547 2984 2667 3017 cum
2685 2966 2868 3019 multis

1844 3045 2121 3098 hominum
2161 3046 2392 3098 millibus
2414 3046 2470 3097 in
2496 3045 2686 3097 alienas
2701 3058 2870 3098 terras

1844 3125 2114 3196 quondam
2157 3124 2514 3197 expeditiones
2561 3143 2866 3196 suscepere3

1847 3204 1988 3258 unde
2016 3225 2208 3258 nomen
2231 3205 2356 3277 ipsis
2386 3203 2568 3258 datum
2590 3206 2747 3257 fuisse
2775 3224 2870 3277 ap·

1845 3298 2030 3356 paret:
2055 3285 2251 3338 Celtica
2276 3285 2416 3336 enim
2448 3286 2628 3356 lingua
2657 3285 2734 3334 all
2757 3285 2864 3355 sig-

1845 3365 2024 3418 nificat
2044 3366 2189 3425 ahias,
2213 3378 2266 3417 et
2285 3364 2412 3427 Bm,
2439 3384 2532 3417 seu
2546 3364 2862 3432 Bmg,tem,

1844 3444 1993 3515 quasi
2017 3442 2319 3497 dicerentur
2339 3463 2400 3498 ex
2430 3445 2533 3496 alio
2551 3444 2671 3495 loeo
2693 3456 2866 3496 traus-

1843 3524 1953 3576 lati.
1977 3519 1998 3584 (
2012 3522 2139 3576 Vid.
2178 3524 2403 3594 Origines
2437 3524 2689 3578 Gauloites
2704 3563 2719 3588 ‚
2739 3543 2861 3596 pag.

1853 3604 1959 3667 184
1977 3642 1994 3669 ‚
2023 3607 2234 3657 auctore
2270 3605 2462 3658 illustri
2497 3604 2615 3656 viro
2645 3604 2864 3656 militari

1843 3683 1903 3735 de
1925 3684 1974 3734 la
2005 3684 2053 3735 T
2046 3703 2138 3735 ow·
2155 3681 2504 3756 d'Auver-gne).
2529 3683 2668 3738 Huic
2697 3683 2864 3754 expli-

1836 3763 2029 3816 cationi
2073 3765 2334 3817 consentit
2368 3764 2666 3818 scholiastes
2699 3764 2868 3816 Juve—

1835 3844 1968 3895 nalis
2006 3840 2073 3895 ad
2104 3857 2199 3896 sat.
2229 3862 2363 3911 vm,
2394 3864 2445 3896 v.
2483 3844 2627 3909 233,
2659 3839 2735 3906 (t.
2771 3843 2861 3908 11,

1834 3943 1887 3995 p.
1924 3943 2032 3994 ²97
2057 3923 2306 3977 editionis
2332 3920 2551 3986 nostrae)
2574 3925 2724 3994 cujus
2747 3923 2866 3974 haec

1833 4006 1995 4057 verba
2025 4018 2148 4057 sunt
2181 4023 2195 4056 Ξ
2227 4004 2343 4057 Ideo
2373 4015 2529 4054 autem
2558 4003 2681 4054 dicei
2709 4002 2860 4055 Allo·

1832 4083 2023 4154 bmgoe,
2056 4089 2276 4156 quoniam
2307 4084 2482 4152 brogae
2518 4081 2659 4135 Galli
2686 4102 2859 4150 agrum

1832 4164 2012 4227 dicunt,
2029 4166 2130 4216 alla
2152 4176 2307 4215 autem
2325 4162 2474 4214 claud.
2495 4163 2706 4214 Rectius
2721 4163 2862 4214 forte

1839 4244 2082 4307 O-Bn'en,
2102 4249 2152 4296 in
2165 4243 2396 4296 Focale&
2414 4242 2733 4310 Gaoidloeclge
2751 4241 2862 4295 Sa..
