3111 5147
15 714 60 778 ι..

3 846 56 865 ,ς

1048 567 1175 635 ET
1226 560 1632 637 GALLIS,
2251 570 2402 668 487

399 726 435 761 (ι
469 699 831 768 Fortunam
871 722 1080 792 quum
1124 699 1219 768 ita
1257 714 1475 769 essent
1507 697 1764 788 sortiti,
1788 695 2203 789 Bellovesus‚
2236 702 2419 797 quod

280 804 380 873 eis
421 829 504 873 ex
548 802 812 900 populis
847 804 1263 892 abundabat,
1297 805 1661 900 Bituriges,
1686 752 2061 895 A’rvernos,
2097 809 2421 897 Senones,

283 910 578 1001 AEduos,
616 912 1008 1001 Ambarros,
1054 913 1415 999 Carnutes,
1453 910 1774 982 Aulercos
1822 913 2095 1001 excivit3
2134 938 2314 984 nunc
2358 918 2424 985 le

284 1022 543 1113 Berty,
590 1019 1045 1115 l'Auvergne,
1092 1020 1191 1088 les
1224 1013 1526 1088 άὼεωω
1562 1018 1651 1087 de
1676 1022 1850 1090 Sens
1872 1035 1945 1088 et
1979 1019 2055 1088 αἶ’
2054 1022 2416 1109 Amen-e,

289 1125 367 1193 la
389 1129 799 1221 Bourgogne
821 1142 895 1195 et
911 1128 976 1195 le
997 1128 1396 1212 Νινενηαιζς,
1428 1126 1493 1195 le
1516 1116 1939 1201 Μᾱεοηπαιζς
1961 1142 2031 1194 et
2051 1127 2125 1196 la
2147 1129 2414 1215 Bresse,

289 1231 354 1298 le
373 1255 564 1326 pays
602 1233 970 1303 Chartrain
1001 1249 1072 1302 et
1097 1233 1150 1301 l’
1156 1223 1526 1303 Ονίέαπαιζς
1542 1284 1566 1318 ,
1608 1231 1673 1301 le
1699 1235 1944 1302 Maz'ne
1969 1233 2123 1301 etle
2154 1228 2423 1303 dzbcese

283 1336 658 1409 d'Evreux.
705 1339 1051 1410 Profectus
1087 1337 1462 1433 ingentibus
1507 1337 1805 1432 peditum
1836 1340 2261 1433 equitumque
2298 1365 2417 1410 co·

285 1444 447 1537 piis,
479 1446 550 1513 in
572 1447 1013 1531 Tricastinos,
1043 1446 1141 1514 les
1174 1438 1478 1513 dioceses
1504 1443 1594 1513 de
1626 1447 1703 1514 V
1692 1446 1932 1514 alence
1971 1460 2045 1514 et
2074 1444 2162 1515 de
2196 1448 2422 1518 Saint-

285 1552 506 1621 Paul·
518 1557 720 1621 trois-
731 1543 1117 1638 chdteaux,
1167 1552 1364 1623 venit.
1402 1549 1603 1644 Alpes
1637 1552 1955 1645 oppositae
1984 1565 2208 1640 erant,
2238 1551 2423 1622 nulla

285 1670 451 1727 tunc
488 1659 642 1746 via,
678 1659 801 1729 nisi
838 1660 946 1727 cui
981 1648 1064 1727 de
1100 1654 1387 1726 Hercule
1415 1654 1654 1725 sabulis
1688 1656 1959 1727 credere
1995 1654 2189 1744 libet,
2225 1683 2417 1753 supe·

288 1778 465 1833 ratae.
514 1761 728 1852 Galli,
756 1765 926 1834 duce
965 1762 1339 1851 Belloveso,
1381 1765 1675 1832 Taurino
1713 1761 1917 1852 saltu,
1953 1765 2018 1833 le
2058 1780 2252 1832 mont
2290 1756 2419 1835 Ce'-

289 1875 444 1958 m's‚
487 1894 598 1941 eas
637 1871 1232 1957 transcenderunt3
1274 1870 1566 1965 fusisque
1601 1871 1862 1958 Tuscis,
1914 1872 2012 1939 les
2069 1873 2431 1959 Toscans,

291 1978 438 2070 qui,
479 1977 799 2072 quidquid
839 1992 940 2048 est
974 1976 1177 2073 Alpes
1217 1978 1391 2047 inter
1433 1991 1500 2046 et
1539 1976 1836 2065 Padum,
1879 1978 1944 2045 le
1980 1971 2094 2045 Po
2094 2030 2116 2063 ,
2159 1976 2417 2045 obtine-

294 2082 483 2171 bant,
533 2083 713 2154 haud
755 2081 992 2179 procul
1040 2085 1276 2155 Ticino
1310 2083 1618 2174 flumine«,
1654 2083 1719 2153 le
1763 2073 1963 2152 Te’sz'n
1980 2136 2004 2172 ,
2043 2082 2426 2152 consedere.

293 2190 539 2260 Audito
566 2214 800 2286 agrum
826 2191 1210 2261 Insubrium
1241 2188 1591 2285 appellari,
1608 2190 2002 2283 cognomine
2031 2188 2425 2258 Insubribus

294 2322 466 2392 pago
497 2297 902 2387 AEduorum,
939 2295 1029 2367 ibi
1049 2351 1069 2385 ,
1105 2321 1305 2366 omen
1343 2308 1689 2391 sequentes
1719 2293 1883 2382 loci,
1922 2293 2278 2364 condidere
2310 2318 2425 2362 ur·

294 2403 485 2493 bem3
514 2419 584 2473 et
601 2403 1056 2473 Mediolanum
1072 2456 1091 2492 ,
1109 2404 1376 2490 Milan,
1404 2399 1839 2497 appellarunt.
1862 2402 2090 2469 Livius
2112 2403 2200 2485 V,
2237 2397 2356 2485 34.
2380 2428 2417 2465 >>

405 2539 441 2577 α
476 2512 878 2596 Cenomani,
904 2533 1083 2582 ceux
1101 2508 1198 2580 du
1220 2513 1500 2599 Mame,
1533 2507 1796 2578 favente
1818 2505 2191 2595 Belloves0,
2223 2504 2427 2576 duce·

292 2641 421 2711 que
462 2618 752 2688 Elitovio
772 2672 792 2706 ,
840 2617 1074 2688 eodem
1107 2616 1278 2687 saltu
1313 2618 1520 2686 secuti
1539 2668 1579 2703 „
1596 2613 1778 2683 locos
1820 2637 2272 2709 occupavere,
2311 2612 2427 2681 ubi

298 2748 477 2795 nunc
517 2726 737 2793 Brixia
772 2749 852 2794 ac
880 2727 1154 2794 Verona
1173 2777 1193 2812 ,
1229 2727 1516 2796 Brescia
1555 2737 1630 2790 et
1667 2722 1746 2791 V
1735 2711 1938 2790 e'rone
1953 2773 1976 2808 ,
2012 2718 2213 2789 urbes
2250 2733 2429 2789 sunt.

295 2827 598 2913 Salluvii,
634 2853 811 2900 ceux
845 2831 968 2900 des
996 2837 1306 2904 environ-5
1332 2829 1562 2902 d’Aix
1589 2851 1676 2896 en
1705 2830 2081 2914 Provence‚
2123 2824 2429 2921 exemplo

297 2950 363 3005 et
405 2935 676 3005 fortuna
715 2937 1009 3024 invitati,
1045 2959 1180 3004 non
1223 2933 1390 3006 adeo
1435 2948 1657 3001 tamen
1698 2935 2070 3027 progressi,
2111 2935 2290 3002 circa
2330 2933 2433 3002 Ti·

301 3043 524 3114 cinum
577 3065 874 3128 amnem,
924 3043 989 3111 le
1045 3032 1247 3112 Te'sm
1260 3092 1283 3127 ,
1340 3036 1697 3110 incoluere.
1747 3040 1890 3107 Boii
1935 3053 2003 3108 et
2051 3039 2390 3134 Lingones
2407 3090 2433 3127 ,

288 3155 523 3244 partie
562 3149 651 3220 de
684 3152 760 3220 la
795 3148 1150 3220 Frandoe-
1159 3137 1392 3219 Comte'
1411 3160 1493 3214 'et
1523 3144 1589 3214 le
1620 3139 1912 3214 Diocese
1943 3143 2034 3213 de
2068 3147 2381 3239 Langres
2400 3196 2429 3230 ,

302 3258 597 3328 Pennino
645 3255 814 3327 saltu
838 3307 859 3344 ,
901 3256 965 3324 le
1012 3252 1264 3326 Grand
1306 3250 1904 3338 saint-Remum,
1961 3249 2164 3347 Alpes
2206 3264 2432 3320 trans-

303 3364 507 3457 gressi
549 3378 739 3452 sunt3
776 3377 844 3432 at
883 3387 1090 3456 quum
1120 3361 1256 3454 jam
1285 3360 1456 3428 inter
1494 3357 1783 3446 Padum,
1823 3372 2019 3452 atque
2050 3355 2253 3452 Alpes
2288 3380 2433 3425 om·

305 3470 414 3537 nia
436 3484 819 3540 tenerentur
839 3523 858 3557 ,
881 3467 1063 3540 Pado
1091 3468 1342 3538 ratibus
1364 3465 1679 3559 trajecto,
1703 3489 1841 3534 non
1868 3466 2187 3536 Etruscos
2207 3463 2436 3553 mode,

306 3574 404 3644 les
480 3578 818 3663 Tou-ans,
885 3574 1000 3648 sed
1054 3575 1252 3646 etiam
1306 3573 1605 3644 Umbros
1624 3626 1646 3662 ,
1695 3594 1874 3642 ceux
1920 3572 2008 3642 de
2066 3570 2433 3658 Z'Ombrie,

307 3705 467 3776 agro
513 3682 768 3777 pellunt
811 3708 825 3751 ε
870 3683 1048 3750 intra
1098 3682 1522 3776 Apenninum
1581 3694 1803 3752 tamen
1821 3731 1846 3768 ,
1887 3678 2266 3774 l'Apenm'n
2284 3729 2305 3765 ‚
2366 3702 2439 3746 se

307 3801 598 3858 tenuere.
630 3792 803 3870 Tum
830 3791 1124 3860 Senones
1144 3840 1163 3874 ‚
1201 3810 1378 3858 ceu-v
1417 3787 1506 3857 de
1533 3789 1707 3857 Sem
1750 3800 1821 3856 et
1851 3783 2248 3856 d’Auxerre
2266 3835 2291 3868 ,
2324 3807 2437 3851 re·-

307 3896 662 3966 acutissimi
691 3896 1134 3983 advenarum,
1163 3915 1371 3989 quum
1394 3907 1637 3964 cuncta
1656 3905 1982 3987 occupata
2007 3890 2441 3986 reperissent,

307 3999 483 4076 ultra
537 4003 847 4098 progredi
887 4002 1100 4073 coacti
1142 4015 1335 4088 sunt,
1374 4000 1691 4094 sedesque
1732 4022 2015 4094 posuere
2061 3997 2147 4066 ab
2191 3993 2443 4070 Ufente

310 4107 613 4197 flumine,
647 4113 1013 4195 Meamne,
1047 4132 1258 4203 prope
1293 4108 1722 4195 Ravennam,
1756 4103 1841 4174 ad
1870 4103 2148 4174 fluvium
2177 4105 2435 4216 AEsc'm,

312 4216 573 4304 Erine,
614 4215 794 4287 baud
838 4213 1070 4312 procul
1107 4215 1402 4286 Ancona.
1443 4214 1671 4286 Livius
1705 4214 1795 4301 V,
1840 4206 2032 4284 35.»

1909 4329 2047 4413 31⁴
