3111 5147
747 520 898 595 286
1058 524 1135 590 C.
1190 519 1473 588 JULII
1527 515 1997 586 CAESARIS
2051 512 2603 584 COMMENT.

657 682 662 687 ·
742 680 986 751 magno
1027 666 1260 723 coacto
1303 674 1583 720 numero
1622 674 1705 718 ex
1738 646 2032 718 finitimis
2073 645 2447 717 civitatibus
2473 700 2495 735 ,
2529 649 2602 716 in
2648 670 2884 719 omnes

743 777 967 859 partes
1011 760 1296 831 dimittit.
1340 760 1595 827 Omnes
1635 756 1765 825 vici
1805 770 2005 851 atque
2059 755 2283 824 omnia
2336 752 2614 824 aedificia
2642 751 2694 843 ¹,
2735 780 2884 850 quae

743 870 1018 964 quiqu
1060 877 1494 960 conspexerat
1507 916 1529 950 ‚
1564 861 2084 931 incendebantur
2119 887 2135 929 ε
2178 860 2403 957 praeda
2440 886 2525 930 ex
2573 862 2883 932 omnibus

742 974 906 1045 locis
941 974 1260 1069 agebatur
1295 997 1312 1039 ι
1354 968 1689 1039 frumenta
1727 993 1866 1036 non
1899 966 2114 1037 solum
2152 993 2192 1037 a
2235 982 2421 1037 tanta
2462 967 2883 1039 multitudine

737 1082 1194 1178 jumentorum
1239 1091 1435 1171 atque
1489 1075 1836 1145 hominum
1883 1074 2446 1145 consumebantur
2459 1126 2481 1164 ,
2523 1076 2645 1145 sed
2684 1078 2881 1145 etiam

745 1190 903 1256 anni
956 1201 1254 1281 tempore
1311 1197 1509 1278 atque
1555 1180 1879 1249 imbribus
1933 1182 2429 1275 procubuerant
2459 1206 2480 1270 ;
2518 1196 2595 1253 ut
2610 1236 2632 1271 ,
2674 1184 2729 1252 si
2769 1185 2882 1277 qui

746 1295 945 1363 etiam
999 1294 1069 1360 in
1124 1290 1472 1386 praesentia
1527 1313 1600 1359 se
1656 1285 2133 1376 occultassent,
2167 1302 2392 1357 tamen
2438 1289 2551 1375 iis»,
2593 1287 2880 1359 deducto

616 1447 622 1453 -
745 1401 1077 1486 exercitu,
1104 1420 1329 1466 rerum
1363 1396 1664 1465 omnium
1698 1394 1921 1488 inopia
1955 1394 2367 1512 pereundum
2400 1393 2755 1464 videretur.
2782 1396 2881 1466 Ac

746 1531 920 1600 saepe
960 1507 1031 1573 in
1059 1528 1213 1573 eum
1256 1499 1522 1572 locum²
1561 1514 1837 1570 ventum
1877 1514 2010 1588 est,
2051 1514 2238 1570 tanto
2279 1502 2349 1569 in
2386 1523 2610 1569 omnes
2650 1515 2883 1621 partes

746 1612 958 1682 diviso
998 1613 1333 1706 equitatu,
1374 1622 1451 1678 ut
1497 1606 1701 1677 modo
1757 1607 1971 1675 visum
1995 1591 2150 1675 ³ab
2199 1631 2271 1676 se
2316 1607 2761 1701 Ambiorigem
2810 1612 2883 1677 in

747 1717 905 1812 fuga
956 1720 1238 1812 captivi,
1279 1740 1403 1785 nec
1448 1712 1645 1809 plane
1683 1715 1884 1782 etiam
1936 1712 2148 1783 abisse
2187 1738 2269 1782 ex
2314 1727 2678 1811 conspectu
2716 1738 2884 1785 con-

748 1823 1129 1910 tenderent,
1153 1838 1263 1908 ut,
1293 1846 1411 1915 spe
1446 1819 1890 1914 consequendi
1914 1817 2092 1889 illata
2106 1873 2127 1908 ‚
2154 1835 2351 1914 atque
2375 1818 2636 1891 infinito
2656 1818 2886 1891 labore

748 1943 1057 2023 suscepto
1072 1980 1093 2015 ,
1121 1929 1234 2022 qui
1275 1951 1347 1995 se
1384 1949 1713 1994 summam
1756 1949 1797 1993 a
1831 1928 2092 1995 Caesare
2135 1928 2413 2021 gratiam
2453 1927 2739 1997 inituros
2772 1952 2884 2022 pu·

749 2048 968 2103 tarent
982 2088 1002 2120 ‚
1020 2058 1206 2129 poene
1230 2048 1534 2101 naturam
1558 2031 1776 2102 studio
1798 2031 2140 2101 vincerent
2154 2056 2587 2128 ‚semperque
2610 2031 2883 2127 paulum

748 2139 831 2209 ad
863 2165 1189 2210 summam
1221 2137 1597 2209 felicitatem
1632 2138 1913 2208 defuisse
1953 2137 2327 2226 videretur,
2355 2153 2554 2234 atque
2584 2137 2696 2208 ille
2726 2137 2880 2208 late-

748 2246 884 2316 bris
900 2261 1017 2315 aut
1033 2232 1343 2316 saltibus⁴
1363 2270 1431 2316 se
1449 2248 1767 2340 eriperet,
1785 2259 1857 2314 et
1870 2260 2075 2315 noctu
2097 2242 2466 2315 occultatus
2486 2243 2651 2315 alias
2666 2247 2882 2340 regio·

749 2378 867 2423 nes
887 2368 1236 2448 partesque
1259 2365 1549 2448 peteret,
1570 2376 1708 2420 non
1730 2351 1980 2443 majore
2004 2354 2301 2445 equitum
2322 2349 2661 2445 praesidio‚
2682 2375 2881 2444 quam

745 2474 1033 2554 quatuor
1054 2513 1072 2547 ,
1102 2459 1339 2553 quibus
1373 2456 1525 2527 solis
1555 2458 1757 2525 vitam
1796 2480 1985 2525 suam
2022 2458 2435 2526 committere
2470 2455 2771 2525 audebat.

828 2668 959 2722 Car.
980 2666 1179 2719 XLIII.
1211 2684 1260 2719 1.
1298 2665 1477 2719 Omnes
1504 2668 1608 2716 vici*
1630 2677 1773 2736 atque

749 2751 911 2800 omnia
939 2745 1146 2816 aedifida
1162 2784 1178 2807 ,
1211 2758 1300 2798 etc.
1339 2741 1621 2797 Horrenda
1649 2762 1774 2797 sane

1857 2660 1952 2716 dio
1976 2664 2284 2728 vincerent,
2314 2675 2413 2716 etc.
2445 2676 2501 2716 et
2541 2682 2751 2735 semper
2786 2664 2882 2717 ali·

1858 2740 2883 2815 quidsibideesseviderentadsnmmam

747 2825 1038 2880 devastatio
1069 2838 1224 2896 atque
1257 2825 1323 2877 ab
1346 2824 1496 2878 omni
1523 2822 1772 2876 humani-

746 2919 857 2961 tate
902 2907 1249 2959 remotissima
1273 2923 1291 2971 3
1333 2901 1427 2957 sed
1478 2903 1773 2956 Galliarum

749 2985 1153 3058 tranquillitati,
1181 2997 1235 3038 et
1267 2981 1623 3056 expeditionis
1660 3001 1775 3035 suc-

746 3067 918 3121 cessui
960 3083 1179 3138 prorsus
1232 3062 1540 3118 necessaria.
1579 3063 1773 3116 Catari

747 3146 895 3200 enim
925 3165 1047 3199 cum
1089 3144 1271 3217 paneis
1303 3143 1600 3214 leg-ionibus
1634 3143 1774 3195 hanc

749 3238 957 3298 partem
978 3226 1036 3277 in
1048 3224 1231 3278 officio
1239 3224 1471 3276 retinere
1485 3220 1773 3275 admodum

750 3304 970 3358 difficile
995 3304 1209 3369 fuisset,
1235 3303 1296 3354 ni
1319 3303 1637 3355 Eburonum
1649 3319 1773 3372 gen-

749 3395 859 3438 tem
879 3384 1092 3457 penitus
1119 3383 1525 3435 exterminasset.

835 3484 887 3518 ιι.
911 3463 1129 3533 Acsoepe
1149 3461 1499 3513 inemlocum.
1534 3458 1771 3530 Impedi-

751 3555 818 3597 toe
835 3543 997 3614 hujus
1007 3539 1218 3613 periodi
1231 3558 1417 3613 seriem¹
1438 3551 1518 3591 est
1538 3551 1593 3591 et
1617 3538 1771 3594 ordo:

751 3641 889 3695 saepe
927 3622 984 3674 in
1008 3619 1220 3674 eosdem
1249 3620 1395 3673 locos
1423 3630 1645 3672 ventum
1668 3631 1771 3686 est,

749 3714 900 3755 tanto
921 3701 1159 3773 equitatu
1177 3699 1351 3753 diviso
1375 3700 1434 3752 in
1449 3717 1633 3753 omnes
1649 3718 1772 3770 pai·-

751 3776 1232 3847 tes‚(Onbattcu'tla
1250 3779 1648 3851 campagnedam
1667 3791 1772 3831 tous

751 3861 821 3912 les
847 3880 981 3921 sens,
1028 3880 1098 3912 aa
1132 3879 1302 3932 moyen
1339 3858 1492 3912 d'une
1536 3859 1773 3911 cavalerie

750 3940 1262 4011 umbratus-sparti·
1275 3959 1361 3992 sur
1373 3952 1479 3992 tous
1489 3938 1557 3992 les
1566 3935 1767 4009 pointc),

752 4032 933 4091 prout,
961 4015 1174 4082 (iniunt
1189 4040 1278 4093 que
1289 4016 1328 4083 ),
1350 4019 1544 4091 captivi
1559 4031 1773 4071 conten·

751 4097 959 4165 dei-ent,
972 4097 1273 4166 (dicerent),
1285 4099 1648 4170 Ambiorigem
1660 4117 1773 4151 mo-

753 4174 1030 4251 do(paulo
1051 4177 1206 4245 ante)
1248 4180 1425 4233 visum
1466 4198 1579 4232 esse
1609 4198 1637 4231 a
1683 4197 1768 4246 se,

752 4268 852 4318 etc.
885 4254 1148 4326 Ut(adeo,
1176 4271 1236 4311 ut
1262 4255 1498 4329 equites)
1518 4277 1612 4328 spe
1640 4276 1769 4312 con·

751 4337 1005 4408 sequendi
1024 4338 1169 4392 illata
1187 4374 1207 4403 ,
1238 4349 1348 4392 ete..
1382 4349 1629 4392 naturam
1656 4350 1766 4391 stu·

1858 2823 2189 2889 felicitatem,
2234 2821 2471 2894 quandiu
2519 2823 2881 2895 Ambiorigem

1856 2921 1968 2955 non
1982 2914 2241 2968 tenerent3
2254 2900 2880 2974 dumipseAmbioi-ixla-

1857 2982 2022 3035 tebris
2051 2994 2142 3034 aut
2167 2982 2388 3035 saltibus
2409 3000 2467 3035 se
2492 2982 2750 3054 eripeoet,
2778 2996 2879 3038 etc.

1856 3062 2107 3115 Plusieurs
2116 3063 2275 3129 manfr
2286 3065 2549 3114 “iaciat
2562 3063 2633 3115 les
2653 3064 2880 3118 avalim

1858 3144 1892 3193 ὰ
1921 3142 2230 3212 lapoarsuite
2246 3141 2588 3205 d'Ambioriae3
2602 3143 2806 3214 l’espoi'r
2823 3144 2881 3196 de

1854 3222 2276 3292 gagnei-[asamo-
2292 3222 2353 3274 de
2380 3220 2529 3274 Ce'sar
2547 3222 2881 3276 eulaliam-e·

1857 3313 1996 3364 κατα,-
2014 3300 2159 3352 l'i‘de'e
2170 3302 2319 3375 qu’ils
2335 3305 2734 3370 avaientcoafue,
2754 3303 2886 3374 qu'il

1859 3384 2154 3452 manquerai't
2162 3384 2369 3451 toiq’oun
2376 3379 2566 3450 quelque
2575 3379 2760 3432 chose&
2773 3382 2885 3434 leia·

1858 3459 2082 3526 bonloeur,
2096 3461 2421 3531 lantqu’ilsne
2432 3458 2884 3532 l'aumientpas5oe

1850 3543 2019 3610 prinae
2039 3541 2306 3607 infortuni,
2335 3540 2394 3591 de
2411 3557 2498 3590 son
2520 3542 2654 3601 cdte',
2702 3542 2881 3612 &chap-

1845 3623 1963 3690 pait
1989 3621 2023 3671 ὰ
2051 3620 2177 3672 leurs
2206 3620 2472 3672 melier-elie:
2485 3656 2504 3684 ,
2525 3639 2586 3671 en
2603 3640 2656 3672 se
2677 3622 2883 3673 cachant

1856 3699 1979 3752 daus
1993 3701 2058 3751 les
2070 3699 2172 3750 bois
2183 3738 2200 3761 ,
2216 3712 2307 3752 etc.
2335 3701 2401 3753 A.

1940 3781 1991 3833 3.
2015 3780 2085 3832 Ut
2098 3778 2241 3831 modo
2276 3783 2508 3831 visum-...
2530 3779 2713 3851 Vulgo
2736 3780 2879 3851 lege-

1855 3860 2013 3912 batur
2039 3871 2093 3910 ut
2122 3878 2219 3911 non
2245 3862 2479 3912 visum...
2501 3858 2697 3911 seam
2729 3860 2882 3930 plane

1855 3943 2015 3992 etiarm
2043 3939 2089 3990 E
2109 3935 2383 3991 codicibus
2401 3936 2750 4011 Oudendorp.
2771 3958 2883 3993 me-

1857 4018 2003 4073 tituit
2027 4018 2339 4084 lectionem,
2370 4019 2550 4089 ejectis
2576 4019 2753 4072 verbis
2781 4037 2885 4071 nen

1856 4112 1910 4152 et
1946 4099 2047 4152 sed.
2077 4098 2260 4152 Nosti-i
2283 4111 2459 4152 tamen
2493 4096 2653 4152 codd.
2683 4099 2885 4152 habent

1856 4199 1952 4231 non
1984 4178 2125 4231 niodo
2160 4191 2217 4231 et
2250 4179 2566 4250 particulam
2603 4179 2694 4230 sed
2717 4178 2884 4232 omit-

1857 4271 1995 4312 tunt.
2022 4258 2215 4311 Nostra
2237 4258 2396 4311 lectio
2419 4258 2613 4312 clarius
2637 4259 2795 4313 lucet.

1938 4344 1991 4403 4.
2022 4337 2244 4393 Latobris
2271 4350 2359 4391 aut
2384 4337 2605 4394 saltibus.
2635 4338 2721 4393 Al.
2753 4338 2879 4391 late·
