3111 5147
751 596 903 679 204
1061 595 1138 662 C.
1193 591 1471 660 JULII
1527 588 1978 659 CAESARIS
2030 585 2573 656 COMMENT.

747 723 1090 795 consilium
1116 725 1235 792 etsi
1272 725 1339 790 in
1374 719 1695 815 ejusmodi
1737 743 1896 789 casu
1922 715 2539 811 reprehendendum
2566 741 2702 787 non
2728 732 2861 807 est,

744 846 967 900 tamen
1003 827 1417 900 incommode
1459 826 1730 896 accidit:
1762 849 1915 892 nam
1941 838 2007 891 et
2048 824 2288 892 nostris
2331 821 2641 893 militibus
2678 849 2863 918 spem

745 939 1011 1024 minuit,
1040 952 1105 1005 et
1130 936 1351 1005 hostes
1379 933 1461 1001 ad
1501 955 1791 1028 pugnam
1805 916 2211 998 ⁶alacriores
2233 928 2484 1016 effecit,
2512 929 2691 1024 quod
2727 955 2861 1000 non

745 1045 886 1112 sine
929 1066 1186 1111 summo
1225 1042 1461 1108 timore
1498 1054 1567 1108 et
1606 1036 2058 1133 desperatione
2098 1035 2165 1104 id
2209 1035 2455 1103 factum
2496 1035 2862 1106 videbatur.

746 1151 1069 1217 Praeterea
1110 1146 1346 1215 accidit
1367 1199 1387 1232 ,
1429 1145 1609 1240 quod
1651 1145 1793 1214 fleri
1827 1167 2091 1213 necesse
2125 1141 2266 1211 erat
2284 1195 2303 1229 ‚
2340 1157 2414 1210 ut
2452 1142 2652 1235 vulgo
2696 1142 2859 1211 mili-

746 1269 843 1322 tes
886 1255 972 1321 ab
1014 1254 1229 1346 signis
1249 1251 1691 1339 discederent;
1729 1275 1875 1346 quae
1917 1248 2223 1344 quisque⁷
2263 1273 2494 1317 corum
2530 1250 2861 1318 carissima

744 1360 1052 1446 haberet,
1087 1358 1173 1427 ab
1217 1357 1696 1488 impedimentis
1739 1371 1992 1453 petere,
2035 1371 2230 1450 atque
2281 1355 2581 1449 abripere
2624 1381 2855 1451 prope·

746 1480 957 1552 raret3
1002 1463 1289 1534 clamore
1329 1489 1406 1534 ac
1447 1450 1642 1534 fletu⁸
1681 1465 1903 1533 omnia
1944 1461 2449 1557 complerentur.

851 1520 1170 1640 XXXIV.
1236 1574 1324 1641 At
1385 1572 1679 1640 barbaris
1755 1568 2143 1639 consilium‘
2202 1593 2336 1637 non
2397 1567 2606 1640 defuit
2640 1594 2656 1635 t
2708 1592 2854 1638 nam

745 1676 946 1747 duces
981 1699 1212 1746 eorum
1255 1692 1395 1747 tota
1432 1680 1571 1747 acie
1622 1678 2061 1771 pronunciare
2094 1675 2469 1768 jusserunt,
2526 1704 2560 1738 c<
2587 1700 2670 1744 ne
2715 1676 2854 1768 quis

745 1784 831 1852 ab
875 1783 1021 1853 loco
1064 1782 1466 1854 discederet:
1507 1782 1768 1852 illorum
1812 1808 1952 1851 esse
1995 1781 2285 1876 praedam
2306 1835 2324 1870 ‚
2356 1796 2563 1875 ‘atque
2601 1779 2723 1850 illis
2760 1805 2855 1849 re·

746 1893 992 1957 servari
1009 1942 1028 1976 ,
1059 1881 1512 1983 quaecumque'
1530 1891 1814 1958 Romani
1845 1888 2293 1982 reliquissent:
2331 1887 2610 1983 proinde
2646 1888 2857 1957 omnia

746 1995 816 2062 in
858 1995 1132 2062 victoria
1177 1997 1390 2089 posita
1435 1997 1896 2063 existimarent.
1925 2023 1960 2059 2>
2000 1996 2209 2070 Erant
2250 2009 2318 2063 et
2358 1996 2600 2064 virtute
2637 2010 2705 2064 et
2744 2018 2857 2062 nu-

749 2124 933 2169 mero
983 2100 1321 2194 pugnandi
1371 2124 1564 2194 pares
1621 2103 1826 2170 nostri
1848 2099 1894 2188 ²,
1936 2115 2158 2169 tamen
2209 2101 2328 2170 etsi
2371 2099 2456 2168 ab
2499 2101 2668 2172 duce
2720 2115 2788 2174 et
2825 2124 2863 2168 a

748 2329 890 2364 nnnc
900 2310 1131 2363 batai'llon
1143 2316 1290 2374 carr-e',
1307 2324 1526 2385 propter
1538 2312 1763 2364 formam

750 2389 1075 2462 quadratam.

832 2475 883 2524 6.
900 2470 992 2523 Ad
995 2489 1223 2540 pugnam
1244 2471 1327 2521 Al.
1349 2470 1418 2520 ad
1426 2468 1758 2540 pugnandum

749 2547 949 2603 Eadem
975 2548 1197 2602 varietas
1217 2548 1276 2600 in
1302 2549 1495 2601 nostris
1525 2546 1683 2602 codd.

832 2649 885 2699 7·
919 2629 1046 2697 Qua·
1076 2633 1283 2700 φυέσθω·
1316 2629 1765 2701 V=²180=q1¹0⁵411⁶
1824 2684 1833 2696 .

749 2712 955 2780 quisque.
996 2707 1175 2761 Minus
1197 2708 1349 2760 bene.
1389 2707 1571 2760 Nostri
1606 2706 1765 2761 codd.

748 2807 943 2859 quoequd
965 2806 1174 2858 91089118.

833 2870 885 2921 8.
900 2866 1120 2919 Clamore
1130 2867 1332 2937 aestatis,
1343 2878 1432 2918 etc.
1449 2866 1546 2919 His
1560 2865 1768 2920 duobus

748 2946 917 2999 musis
944 2947 1096 2999 tertia
1112 2946 1245 2999 mihi
1267 2946 1479 3001 videtur
1507 2945 1764 3000 addenda.

750 3026 831 3079 Eo
859 3024 1092 3079 deterior
1133 3027 1229 3078 ista
1257 3026 1371 3080 lucc
1401 3025 1679 3098 dispositio
1711 3028 1769 3079 in

750 3106 934 3159 orbem
948 3145 965 3171 ,
990 3104 1135 3178 quod
1164 3106 1450 3160 exercitum
1487 3124 1768 3163 romanum

747 3185 999 3257 progredi
1048 3185 1254 3256 longius
1299 3204 1408 3238 non
1455 3187 1678 3250 sineret3
1707 3204 1769 3238 ea

750 3277 926 3318 tamen
940 3276 1052 3318 erat
1073 3283 1276 3318 summa
1299 3265 1396 3329 rei,
1410 3266 1519 3317 scil.
1539 3278 1601 3317 nt
1626 3283 1771 3319 exer-

749 3346 886 3398 citus
903 3363 935 3396 e
957 3343 1172 3413 regione
1197 3342 1499 3407 excederet,
1514 3356 1568 3395 et
1590 3344 1647 3397 in
1662 3362 1770 3397 cas-

751 3436 832 3476 tra
853 3422 1073 3476 Labieni
1099 3441 1155 3475 se
1172 3440 1330 3492 quam
1348 3422 1620 3475 celerrime
1646 3441 1771 3475 con-

753 3503 941 3567 ferret,
969 3514 1060 3554 aut
1087 3502 1270 3554 saltem
1311 3499 1378 3553 ad
1411 3501 1634 3554 hiberna
1675 3521 1769 3555 sua

750 3582 864 3635 sine
888 3580 1083 3637 damno
1105 3579 1300 3634 reverti
1325 3591 1526 3652 posset:
1542 3581 1600 3633 in
1620 3594 1767 3635 utro·

750 3679 855 3732 que
883 3679 1005 3714 casn
1034 3660 1113 3713 rei
1140 3658 1381 3732 gerenda
1423 3661 1596 3732 impar
1623 3675 1768 3727 erat,

750 3741 950 3795 amissis
1007 3740 1298 3811 prasertim
1359 3739 1766 3811 impedimentis.

748 3820 880 3873 Jure
904 3820 1065 3891 igitur
1091 3838 1121 3872 a
1140 3819 1343 3874 Caessre
1360 3820 1767 3892 reprehenditur

751 3899 921 3953 Cotto
949 3899 1244 3953 consilium.

831 3980 960 4033 Cu».
983 3978 1240 4031 XXXIV.
1263 3997 1309 4032 1.
1337 3978 1615 4034 Consilium.
1637 3981 1770 4033 Pru·

753 4056 946 4113 dentis.
975 4058 1134 4123 Quod
1161 4077 1283 4112 raro
1312 4059 1595 4113 accidebat.

836 4156 889 4191 a.
928 4138 1091 4191 Erant
1113 4149 1163 4190 et
1187 4143 1368 4191 ‘virtute
1392 4151 1442 4189 ee
1468 4157 1767 4209 amet-opu·

750 4216 938 4283 grmdn·
959 4238 1101 4287 pares
1117 4222 1280 4280 nostri,
1293 4230 1383 4270 etc.
1399 4217 1600 4271 Omnes
1609 4216 1765 4271 codd.

752 4306 868 4351 tum
894 4296 960 4351 ab
989 4295 1397 4368 Oudendorpio‚
1422 4309 1538 4352 tum
1564 4316 1594 4351 a
1613 4297 1767 4351 nobis

1849 2311 2071 2382 inspecti
2081 2312 2303 2378 ‚habent
2311 2311 2566 2383 pugnanda
2570 2332 2591 2372 ‚-
2606 2306 2866 2382 quadres·

1849 2392 2106 2442 tituimus.
2154 2392 2380 2461 Scaliger
2427 2409 2518 2443 sua
2560 2391 2865 2444 auctoritate

1849 2469 2084 2541 reposuit
2103 2470 2383 2540 pugnando.
2403 2470 2610 2523 Rectius
2634 2469 2769 2521 forte
2782 2507 2798 2533 ‚
2818 2469 2862 2520 si

1850 2546 1918 2601 ad
1971 2566 2197 2611 canones
2248 2550 2742 2621 grammaticen-nnn
2772 2545 2866 2602 sed

1850 2628 2017 2694 male,
2048 2629 2091 2681 si
2122 2627 2188 2681 ad
2218 2641 2449 2681 mentem
2489 2630 2717 2683 auctoris
2756 2647 2863 2682 res·

1850 2709 2069 2780 pexeris.
2101 2709 2296 2761 Virtute
2323 2720 2373 2761 ee
2391 2727 2583 2763 numero
2594 2709 2860 2780 pugnandi,

1851 2787 1910 2840 id
1934 2799 2039 2852 est,
2060 2793 2240 2841 virtute
2254 2800 2304 2839 et
2324 2808 2517 2841 numm
2530 2792 2859 2859 pugnantium.

1851 2868 2043 2921 Totam
2072 2881 2249 2921 autem
2288 2868 2424 2922 hanc
2453 2868 2693 2939 phrasim
2721 2869 2864 2921 miri·

1851 2946 1965 3000 ficis
1994 2947 2304 3001 commentis
2342 2961 2396 3001 et
2433 2947 2865 3020 explicationibus

1852 3027 2263 3081 obscuraverunt
2290 3029 2621 3099 interpretes.
2651 3028 2718 3081 Id
2740 3044 2864 3080 vero

1853 3119 1931 3159 est
1952 3106 2253 3177 quaestionis
2275 3119 2461 3178 caput:
2480 3106 2549 3161 ad
2571 3127 2707 3181 quos
2722 3125 2865 3180 spec-

1853 3198 1966 3237 tant
1987 3185 2099 3238 haec
2121 3187 2281 3238 verba
2304 3198 2445 3237 erant
2461 3199 2510 3238 ec
2530 3191 2649 3240 virt.
2668 3199 2720 3239 et
2739 3205 2863 3239 nun.

1844 3272 2029 3335 pares?
2052 3283 2117 3316 an
2142 3264 2209 3318 ad
2236 3265 2548 3319 Eburones?
2574 3284 2639 3317 an
2666 3264 2733 3318 ad
2758 3267 2866 3317 Ro·

1851 3343 2071 3397 manos?
2097 3344 2156 3398 si
2184 3342 2252 3399 ad
2274 3345 2575 3408 Eburones,
2600 3355 2660 3395 ut
2676 3343 2867 3399 dieunt

1852 3423 2059 3486 critici,
2099 3442 2210 3477 non
2262 3436 2413 3477 erant
2450 3441 2637 3474 aunem
2673 3441 2863 3492 μακε,

1852 3521 1974 3555 nam
2013 3503 2180 3556 multo
2230 3505 2535 3576 superiores.
2572 3501 2629 3554 Si
2659 3500 2728 3555 ad
2757 3503 2865 3555 Ro-

1852 3600 2032 3635 manos
2049 3620 2067 3648 ‚
2102 3601 2212 3635 non
2258 3596 2409 3639 erant
2451 3600 2597 3654 oque
2644 3600 2866 3635 numer-o

1852 3680 2000 3733 pares
2019 3699 2035 3727 ‚
2055 3661 2146 3715 sed
2173 3663 2475 3728 inferiores,
2493 3674 2553 3716 ut
2575 3662 2760 3722 saltem
2782 3680 2868 3732 ap·

1852 3755 2016 3812 paret.
2030 3740 2114 3794 Ad
2125 3743 2391 3796 Romanos
2403 3756 2580 3796 tamen
2593 3742 2866 3795 homnem·

1851 3820 2008 3874 brnm
2020 3819 2249 3893 adplicat
2263 3840 2415 3892 graec.
2430 3821 2711 3893 interpres,
2721 3822 2867 3891 cnjus

1851 3899 1963 3954 hec
1988 3915 2112 3955 sunt
2131 3902 2291 3954 verba
2312 3919 2325 3954 z
2346 3897 2473 3957 ἦσαν
2498 3895 2560 3953 δὲ
2586 3903 2627 3954 οἱ
2656 3904 2869 3970 Ρωμαῖοι

1852 3980 1936 4033 καὶ
1964 3982 2089 4048 ἀλκῇ
2113 3983 2200 4035 καὶ
2222 3982 2391 4038 πλήθει
2430 3975 2621 4051 ἀνδρῶῦ
2649 3984 2747 4040 τοῖς
2774 3998 2866 4032 πο-

1850 4061 2028 4130 λεμίοις
2064 4054 2176 4115 ἶσοι.
2207 4062 2376 4113 Erant
2402 4071 2561 4112 amem
2590 4060 2796 4119 Romani
2822 4069 2871 4110 et

1855 4139 2019 4192 robore
2059 4152 2131 4203 et,
2151 4159 2341 4192 numero
2392 4141 2632 4192 hominum
2662 4139 2867 4191 hostibus

1844 4238 2004 4290 pares.
2063 4220 2210 4272 Nihil
2263 4219 2367 4272 hoc
2428 4231 2577 4272 textu
2630 4219 2823 4272 clarius
2850 4236 2869 4273 t

1852 4316 2016 4369 porro
2044 4297 2175 4369 quid
2204 4312 2374 4366 vetat,
2402 4299 2535 4372 quin
2558 4297 2731 4369 reipsa
2764 4299 2865 4352 Ro-
