3111 5147
740 527 767 572 1
786 500 881 573 36

832 637 913 702 V.
960 633 1078 702 His
1110 634 1192 702 de
1233 633 1429 703 rebus
1461 634 1684 702 Caesar
1725 632 1964 701 certior
2008 629 2219 700 factus
2238 683 2258 718 ,
2290 643 2356 699 et
2397 628 2834 707 infirmitatem

726 738 1070 809 Gallorum
1093 740 1370 827 verituS‚
1393 738 1570 832 quod
1599 752 1753 806 sunt
1773 740 1839 804 in
1865 735 2144 805 consiliis
2162 735 2491 830 capiendis
2513 734 2781 804 mobiles
2794 732 2837 823 ¹,

725 860 793 913 et
840 846 1028 913 novis
1074 844 1460 940 plerumque
1506 844 1702 912 rebus
1751 842 2047 928 student,
2073 841 2232 910 nihil
2279 841 2381 910 his
2433 843 2834 911 committen-

725 950 882 1019 dum
902 949 924 975 ²
970 951 1373 1019 existimavit.
1418 952 1541 1018 Est
1585 963 1804 1017 autem
1853 948 1983 1016 hoc
2027 947 2294 1017 Gallicae
2326 946 2836 1032 consuetudinis,

725 1058 823 1124 uti
875 1071 943 1124 et
975 1058 1292 1141 viatores,
1326 1055 1521 1123 etiam
1555 1056 1827 1140 invitOS,
1852 1055 2204 1123 consistere
2234 1066 2507 1148 cogant3
2539 1066 2639 1139 et,
2667 1051 2840 1147 quod

726 1164 999 1255 quisque
1035 1186 1267 1229 eorum
1292 1160 1374 1228 de
1404 1184 1662 1277 quaque
1685 1184 1756 1227 re
1785 1157 2067 1227 audierit
2094 1174 2208 1226 aut
2240 1160 2654 1253 cognoverit,
2681 1182 2840 1252 quae-

726 1280 916 1353 rant,
940 1281 1007 1335 et
1040 1278 1439 1334 mercatores
1460 1268 1528 1334 in
1555 1263 1812 1383 oppidis
1843 1263 2080 1359 vulgus
2106 1265 2570 1351 circumsistat,
2590 1264 2839 1358 quibus-

727 1396 856 1465 que
908 1396 986 1439 ex
1040 1372 1413 1466 regionibus
1455 1372 1756 1459 veniant,
1779 1394 2068 1464 quasque
2113 1371 2203 1437 ibi
2240 1395 2344 1438 res
2385 1371 2840 1465 cognoverint,

729 1479 1167 1571 pronunciare
1230 1492 1488 1595 cogant.
1544 1478 1662 1546 His
1714 1461 2121 1545 rumoribus³
2153 1489 2349 1570 atque
2410 1475 2839 1545 auditionibus

726 1585 1045 1675 permoti,
1071 1581 1153 1651 de
1193 1585 1465 1653 summis
1510 1607 1680 1677 saepe
1722 1583 1917 1651 rebus
1958 1580 2224 1652 consilia
2264 1583 2529 1669 ineunt,
2564 1605 2840 1675 quorum

730 1712 842 1757 eos
877 1713 913 1757 e
938 1676 1249 1784 vestigio⁴
1272 1691 1589 1785 poenitere
1623 1712 1886 1757 necesse
1927 1702 2057 1775 est,
2099 1712 2304 1782 quum
2337 1689 2601 1756 incertis
2639 1710 2840 1756 rumo-

727 1794 911 1863 ribus
942 1797 1257 1882 serviant,
1295 1809 1364 1862 et
1396 1794 1688 1889 plerique
1717 1794 1802 1862 ad
1833 1793 2239 1863 voluntatem
2270 1818 2501 1863 eorum
2527 1792 2684 1861 ficta
2715 1817 2837 1862 res·

728 1886 1125 1993 pondeant⁵.

838 2007 954 2073 VI.
986 2007 1144 2134 Qua¹
1164 1988 1633 2075 consuetudine
1654 2007 1950 2100 cognita,
1979 2009 2230 2094 Caesar,
2255 2031 2340 2075 ne
2372 2007 2656 2101 graviori
2641 2001 2841 2073 bello

734 2110 1144 2179 occurreret¹
1151 2113 1548 2199 ,maturiuS,
1571 2135 1769 2205 quam
1800 2126 2175 2199 consuerat,
2197 2110 2282 2179 ad
2312 2113 2668 2182 exercitum
2694 2135 2840 2206 pro-

731 2214 1062 2285 ficiscitur.
1092 2219 1194 2286 Eo
1224 2243 1426 2312 quum
1460 2219 1775 2304 venisset,
1814 2242 1892 2286 ea
1930 2242 2074 2312 quae
2111 2217 2252 2286 fore
2284 2220 2646 2313 suspicatus
2673 2229 2842 2302 erat,

734 2321 910 2390 facta
960 2324 1303 2417 cognovit3
1332 2325 1559 2393 missas
1609 2322 1962 2453 legationes
2013 2348 2053 2391 a
2101 2322 2430 2393 nonnullis
2477 2321 2842 2392 civitatibus

735 2427 821 2495 ad
863 2427 1266 2498 Germanos²
1270 2430 1755 2522 ,invitatosque
1804 2415 1976 2518 eos³,
2011 2432 2106 2497 uti
2153 2429 2237 2498 ab
2279 2430 2517 2499 Rheno
2561 2426 2841 2498 discede·

1041 502 1116 571 C.
1171 501 1452 570 JULII
1508 499 1969 571 CAESARIS
2022 498 2564 569 COMMENT.

737 2633 931 2686 Etenim
944 2634 1212 2687 de'vc'tiarum
1229 2636 1492 2702 estsructus
1516 2638 1567 2686 in
1583 2639 1718 2706 copia
1730 2656 1753 2698 ,-

737 2717 921 2781 copiam
952 2726 1107 2764 autem
1144 2715 1357 2765 declarat
1384 2719 1582 2766 satietas
1613 2726 1755 2786 atque

738 2809 891 2842 rerum
917 2792 1227 2844 abundantia.
1259 2792 1373 2846 Hoc
1399 2806 1572 2846 autem
1602 2793 1722 2846 loco
1735 2830 1754 2859 ,

737 2863 887 2940 τροφῆ
901 2891 1001 2943 pro
1013 2886 1326 2937 commeatu,
1338 2891 1561 2925 annona.
1584 2873 1751 2924 Tacit.

737 2948 774 3001 l.
792 2968 878 3015 xv,
886 2970 906 3003 1
913 2955 945 3005 6
953 2992 965 3004 .
974 2951 1243 3023 Contraque
1248 2951 1516 3022 prodiderit
1526 2951 1750 3012 Cor-bala,

738 3029 949 3082 Parmos
972 3035 1129 3102 inopes
1145 3036 1398 3102 copiarum,
1416 3044 1466 3083 et
1476 3031 1657 3102 pabulo
1675 3044 1754 3082 at·

742 3112 869 3170 trito,
889 3112 1130 3162 relicturos
1146 3114 1554 3182 oppugnationem.

820 3189 947 3242 Cir.
972 3191 1041 3243 V.
1077 3208 1124 3242 1.
1152 3189 1275 3242 Sunt
1304 3196 1351 3242 in
1381 3189 1620 3260 capiendis
1648 3209 1756 3241 con·

740 3266 861 3318 εἰίἰίε
880 3269 1085 3320 mobiles.
1108 3269 1334 3322 Trebell.
1361 3269 1535 3320 Pollio
1561 3268 1616 3319 in
1634 3269 1756 3338 Gal-

737 3345 891 3398 lienis
918 3365 930 3397 r
969 3347 1130 3400 Gallis
1166 3351 1354 3399 auitum
1394 3359 1467 3398 est
1491 3366 1589 3398 esse
1616 3348 1750 3399 leves.

741 3425 920 3477 Gallos
950 3431 1332 3497 inquieteksimam
1367 3439 1575 3496 gentem
1604 3439 1756 3479 vocat

741 3504 1029 3576 Vopiscus,
1054 3504 1110 3556 in
1137 3503 1437 3558 Saturnino.
1463 3504 1591 3558 God.

825 3603 874 3635 2.
908 3583 1312 3636 Committendum.
1342 3584 1498 3635 Nulla
1523 3601 1614 3635 sua
1633 3601 1755 3636 con-

739 3660 854 3714 silia
872 3662 935 3714 iis
953 3661 1230 3734 aperienda
1250 3663 1409 3715 :nihil
1427 3682 1612 3715 eornm
1628 3661 1760 3740 fidei

742 3740 1196 3795 committendum.
1210 3801 1213 3806 ³

826 3823 876 3875 3.
902 3823 1195 3874 Rumoribus.
1216 3821 1319 3874 Alii
1340 3821 1489 3873 rebus.
1504 3853 1586 3864 -
1599 3822 1755 3874 Incer-

744 3902 803 3950 tis
817 3902 1077 3954 rumoribus
1089 3907 1308 3963 serviunt,
1325 3902 1358 3953 i.
1379 3922 1423 3954 e.
1440 3899 1600 3952 fidem
1609 3900 1754 3952 adhi-

740 3978 886 4044 bent,
902 3995 953 4034 et
972 3982 1034 4034 iis
1056 3981 1283 4052 permoti
1304 3980 1369 4032 ad
1394 4001 1477 4033 res
1500 3979 1751 4052 gerendas

742 4075 797 4108 se
815 4073 1154 4131 componunt.
1172 4061 1339 4114 Plaut.
1356 4060 1503 4112 Trin.
1522 4072 1620 4112 act.
1643 4061 1749 4123 111,

742 4153 812 4187 sc.
836 4139 889 4189 11
903 4177 918 4202 ,
944 4146 1028 4201 14.
1048 4140 1100 4191 in
1127 4138 1312 4192 eodem
1326 4159 1479 4192 sensu
1502 4156 1515 4191 ε
1535 4140 1751 4192 Νεόηιιὶς

743 4213 952 4283 depellor
978 4220 1117 4272 decta
1125 4258 1142 4284 ,
1174 4224 1286 4290 quin
1326 4222 1503 4272 ›wnori
1533 4222 1748 4273 sat-viam.

1920 2641 1972 2699 4.
1998 2636 2052 2688 Ε
2075 2639 2293 2706 vesn'gio.
2314 2636 2524 2698 Statim.
2536 2638 2695 2709 paulo
2709 2650 2842 2708 post.

1923 2715 1974 2768 5.
1990 2716 2135 2768 Ficta
2152 2717 2476 2786 respondeant.
2493 2715 2635 2768 Illud
2654 2717 2844 2769 hahent

1838 2812 1947 2846 non
1978 2805 2182 2847 tantum
2211 2795 2352 2847 Galli
2381 2796 2705 2866 temporibus
2732 2796 2841 2849 Ca-

1840 2873 1996 2938 saris,
2025 2872 2117 2926 sed
2145 2886 2198 2926 et
2231 2873 2478 2927 hodierni
2508 2876 2675 2927 nostri
2710 2876 2847 2928 cives

1839 2970 1962 3005 cum
2008 2953 2414 3007 Atheniensibus
2462 2973 2768 3019 commune,
2785 2966 2846 3008 ut

1839 3049 1947 3083 non
1961 3043 2069 3084 tam
2091 3030 2438 3105 quod‘verum
2450 3070 2466 3097 ,
2484 3034 2772 3105 prasertim
2790 3034 2845 3085 in

1837 3111 2067 3181 politicis
2124 3112 2281 3163 rebus
2302 3149 2320 3176 ‚
2357 3110 2540 3164 audire
2596 3112 2843 3183 gestiant,

1839 3207 1998 3259 quam
2023 3188 2169 3261 quod
2192 3191 2450 3243 voluntati
2468 3190 2848 3263 cupiditatique

1838 3286 1944 3321 suae
1956 3268 2274 3322 blandiatur.
2287 3271 2425 3322 Bene
2434 3272 2606 3322 (ζωι-
2615 3284 2846 3323 nostram

1838 3361 2052 3400 noverat
2064 3366 2162 3418 gen
2167 3361 2510 3419 teneamque
2520 3349 2752 3421 apprime
2757 3347 2846 3401 de-

1838 3426 2022 3498 pingit.
2037 3429 2259 3478 Viatores
2273 3428 2414 3480 enim
2421 3428 2638 3500 pleriq&
2648 3425 2844 3493 (hodie,

1836 3518 2037 3557 mutato
2055 3517 2259 3558 tantum
2281 3508 2512 3571 nomine,
2530 3506 2845 3562 diurnorum

1836 3584 2135 3636 libellorum
2148 3586 2444 3656 scriptores,
2453 3583 2846 3655 lesjoumalistes)

1836 3680 1945 3715 non
1967 3682 2089 3715 vera
2101 3701 2118 3728 ‚
2139 3683 2236 3716 nec
2260 3667 2396 3734 justa
2411 3704 2428 3729 ,
2441 3664 2530 3718 sed
2534 3664 2663 3734 ficta
2679 3667 2752 3717 ad
2764 3685 2849 3718 vo·

1838 3742 2062 3794 luntatem
2092 3755 2299 3794 nostram
2324 3745 2475 3796 nobis
2500 3745 2794 3814 respondent.

1915 3822 2042 3875 Cn’.
2060 3823 2155 3874 VI.
2181 3841 2202 3875 1
2214 3863 2227 3874 .
2243 3823 2322 3875 Ne
2331 3829 2544 3893 graviori
2554 3823 2679 3876 bello
2690 3844 2848 3876 ocem*-

1837 3912 1973 3953 νει-εἱ.
2003 3900 2088 3953 Ne
2112 3901 2168 3953 in
2198 3900 2255 3953 id
2279 3901 2561 3968 incideret,
2583 3922 2648 3956 eo
2675 3904 2850 3976 impli-

1836 3992 2057 4033 caretur.
2085 3980 2161 4033 M.

1905 4080 1933 4112 a
1942 4100 1955 4113 .
1964 4059 2486 4132 Germanos.Usipetes
2497 4078 2569 4114 sc.
2583 4074 2636 4114 et
2646 4061 2850 4114 Teneb-

1835 4138 2030 4204 theros,
2039 4158 2267 4211 quorum
2284 4140 2438 4192 unice
2445 4140 2499 4194 h.
2511 4141 2544 4193 l.
2558 4141 2759 4193 mentio
2771 4140 2846 4194 fit.

1903 4220 1955 4273 3.
1986 4219 2232 4274 Invitam.
2275 4218 2443 4274 Grac.
2483 4222 2714 4291 Interpr-
2751 4222 2851 4274 ix·-
