3111 5147
511 550 656 618 DE
709 551 1078 620 BELLO
1130 553 1661 625 GALLICO.
1719 559 1917 628 LIB.
1975 562 2104 631 VI.
2242 564 2386 663 257

260 679 437 752 bello
481 683 780 777 ceperint
791 681 839 770 ⁷,
876 682 1263 778 plerumque
1296 685 1659 777 devovent3
1703 716 1851 784 quae
1901 698 2389 789 superaverint,

219 810 236 827 ·
261 787 572 858 animalia
621 803 816 883 capta
862 789 1251 861 immolant:
1298 792 1578 888 reliquas
1633 820 1736 865 res
1787 800 1854 864 in
1906 824 2113 869 unum
2168 800 2389 873 locum

264 894 636 966 conserunt.
682 894 911 964 Multis
949 897 1016 966 in
1060 898 1433 968 civitatibus
1474 899 1712 969 harum
1755 916 1978 973 rerum
2020 923 2391 981 exstructos

265 999 555 1071 tumulos
570 985 593 1025 ⁸
620 1000 782 1071 locis
812 1003 1208 1074 consecratis
1226 1006 1593 1101 conspicari
1628 1005 1779 1078 licet
1805 1035 1819 1076 t
1850 1035 2062 1105 neque
2089 1039 2258 1110 saepe
2282 1041 2388 1087 ac-

267 1105 484 1193 cidit⁹‚
505 1120 617 1195 ut,
653 1106 952 1201 neglecta
980 1112 1302 1206 quispiam
1338 1112 1685 1207 religione,
1719 1130 1834 1184 aut
1867 1133 2062 1213 capta
2101 1121 2276 1215 apud
2321 1148 2392 1192 se

267 1213 600 1284 occultare
619 1266 639 1302 ‚
675 1228 792 1282 aut
833 1216 1045 1309 posita
1088 1214 1315 1286 tollere
1354 1219 1663 1307 auderet3
1708 1224 2307 1321 gravissimumque·
2331 1231 2413 1298 ei·

266 1321 368 1389 rei
400 1319 791 1414 supplicium
817 1319 865 1344 ¹⁰
898 1347 1055 1391 cum
1095 1326 1392 1394 cruciatu
1430 1328 1861 1396 constitutum
1902 1344 2018 1398 est.

376 1427 629 1496 XVIII.
709 1425 883 1497 Galli
937 1453 1007 1497 se
1063 1455 1293 1501 omnes

271 1643 404 1696 tem,
435 1642 490 1684 et
516 1641 640 1683 ante
670 1648 794 1685 eum
836 1644 1150 1704 serpentem.
1187 1634 1291 1687 De·

266 1711 371 1764 leta
383 1723 462 1764 est
471 1729 640 1782 prope
654 1709 930 1782 inscriptio
948 1729 961 1764 ε
977 1730 1051 1764 eae
1085 1724 1290 1765 tantum

267 1791 452 1844 litteras
482 1803 757 1843 servantur
783 1790 895 1844 Sm.
915 1831 927 1843 .
948 1832 959 1844 .
985 1832 998 1845 .
1031 1792 1123 1845 RI.
1167 1792 1290 1845 Non

267 1871 458 1923 Iovem
500 1870 797 1922 Tonantem
843 1870 1055 1924 exhibet
1073 1909 1090 1936 ‚
1136 1872 1290 1925 sicuti

268 1948 506 2003 Eccardo
532 1960 586 2002 et
598 1950 712 2003 aliis
741 1949 939 2021 placuit
955 1985 972 2012 ‚
1008 1948 1099 2004 sed
1121 1952 1290 2023 reipsa

269 2029 554 2082 Herculem
598 2029 860 2083 Celticum
901 2029 1003 2083 hoc
1047 2030 1290 2100 symbolo

270 2126 591 2180 expressum.

541 2188 590 2252 Q
605 2205 639 2240 u
659 2209 691 2241 A
705 2206 740 2241 ιι
753 2207 787 2240 ι·
802 2208 835 2240 Α
879 2209 911 2241 Α
925 2207 959 2243 a
975 2209 1024 2242 Α.

354 2266 526 2338 Hujus
551 2281 776 2338 quatuor
805 2268 963 2321 facies
987 2267 1123 2321 nihil
1144 2265 1289 2320 aliud

269 2360 674 2419 repraesentant‚
697 2347 797 2401 nisi
810 2347 1087 2401 bellatores
1106 2344 1293 2401 medita

267 2428 438 2481 etatis
467 2445 590 2480 cum
633 2426 858 2481 feminis.
889 2427 1090 2481 Ultima
1117 2439 1293 2480 autem

269 2507 430 2560 offert
443 2507 750 2560 bellatorem
762 2519 816 2560 et
827 2506 1077 2560 fenfinam
1088 2505 1260 2559 nudos
1273 2525 1290 2572 ς

268 2588 326 2640 in
354 2587 468 2641 aliis
489 2587 803 2644 vestiuntur.
819 2586 964 2653 Quid
978 2587 1292 2658 significent,

268 2686 486 2741 prorsus
516 2669 804 2739 ignoratur.

353 2767 406 2818 7.
431 2747 558 2815 Quoe
583 2746 706 2798 bello
734 2749 955 2818 ceperint.
977 2746 1258 2799 Athenaeus
1272 2783 1288 2809 ‚

269 2828 308 2880 1.
343 2845 493 2892 τηε.
526 2826 625 2890 51,
649 2845 703 2898 p.
738 2829 844 2880 160
867 2843 881 2877 ε
903 2826 1024 2886 Τοὺς
1055 2826 1286 2886 Γαλάτας

267 2915 391 2977 παρ’
406 2898 471 2967 οἷς
486 2907 587 2966 ἔθος
603 2905 858 2967 ἐςὶν,ἦνὶκ’
871 2905 927 2957 ἄν
945 2904 1228 2976 προτέρημά
1244 2925 1291 2956 τι

271 2988 319 3039 ἰν
366 2989 467 3046 τοῖς
504 2988 732 3057 πολέμοις
772 2981 991 3048 λάέωσι,
1020 2987 1142 3036 θύειν
1192 2986 1291 3044 τοῖς

267 3069 389 3127 θεοῖς
426 3067 539 3126 τοὺς
576 3065 933 3136 αἰχμαλώτους.
962 3062 1089 3115 vid.
1122 3063 1290 3115 Tacit.

270 3149 413 3199 Ann.
440 3162 576 3210 1111,
613 3146 704 3198 56.
736 3141 888 3197 Idem
908 3143 1135 3213 Procop.
1160 3143 1196 3194 l.
1225 3160 1291 3208 11,

270 3225 652 3289 Gothicorum‚
680 3243 733 3295 p.
773 3224 903 3277 233.
924 3254 1004 3265 ——
1037 3220 1291 3293 &per-int,

271 3318 326 3358 et
348 3306 486 3358 infra
501 3343 519 3370 ‚
535 3307 866 3376 superaverint.
885 3303 1076 3356 Clarke
1106 3301 1292 3354 melius

267 3384 432 3438 habet
472 3396 705 3455 ceperunt.
719 3425 733 3437 .
747 3425 761 3437 .
774 3424 786 3436 .
804 3424 816 3435 .
848 3393 1196 3453 supemverunt.
1213 3414 1293 3423 —

276 3465 406 3534 Qnoe
455 3467 790 3536 superaverint.
854 3460 920 3514 Id
973 3474 1049 3514 est
1063 3499 1079 3528 ,
1125 3479 1293 3532 quum

275 3544 554 3597 victoriam
587 3553 941 3614 reportarunt.
982 3542 1122 3612 Ergo
1173 3552 1291 3593 ante

267 3622 517 3695 praelium
562 3620 826 3676 devovent
863 3621 1023 3674 Marti
1062 3619 1296 3691 praedam

271 3703 542 3769 ἥκω-πως
571 3714 690 3773 post
720 3701 961 3774 pralium
977 3739 994 3764 ‚
1020 3713 1169 3772 parta
1186 3701 1297 3752 vic-

271 3782 412 3834 toria
427 3820 446 3847 ,
492 3783 770 3835 immolant
820 3792 1023 3854 partem
1070 3777 1262 3852 proedae
1278 3816 1295 3846 ,

275 3861 554 3927 animalia;
595 3875 802 3933 partem
846 3860 1104 3931 reliquam
1141 3877 1297 3930 repo·

275 3953 414 3993 nunt
444 3942 499 3993 in
535 3955 840 4013 perpetuam
872 3939 1197 3993 memoriam.
1219 3938 1295 3991 M.

359 4023 413 4074 8.
449 4021 689 4073 Tema-los.
720 4021 801 4073 Ita
831 4018 1054 4073 codices.
1080 4020 1149 4070 At
1175 4015 1295 4071 edd.

278 4100 482 4165 multae,
497 4101 721 4153 cumulos.
739 4100 908 4153 Graec.
926 4099 1079 4150 inter.
1097 4096 1297 4166 σώρους.

281 4178 468 4233 Melius
477 4194 653 4233 tamen
670 4181 889 4232 tumulos:
899 4196 1024 4231 nam
1035 4176 1128 4247 huj
1133 4194 1304 4228 usmo-

284 4255 342 4310 «li
355 4261 540 4314 tumuli
554 4260 756 4332 εει-,Ῥείη
774 4258 946 4314 Gallia
966 4255 1300 4328 deteguntur.

394 4370 451 4436 I.

1358 1430 1444 1500 ab
1505 1434 1662 1502 Dite
1725 1426 1914 1528 patre
1983 1453 2343 1532 prognatos
2368 1437 2390 1465 ¹

1459 1653 1512 1703 9.
1526 1635 1695 1705 Neque
1705 1657 1830 1708 ,ηερε
1838 1636 2029 1693 accidit.
2052 1640 2279 1712 Propter
2288 1660 2397 1715 Ρω-

1374 1732 1458 1767 nae
1485 1715 1942 1785 gravitatem.Vid.
1958 1730 2139 1772 notam
2153 1734 2392 1792 sequent.

1462 1811 1483 1845 1
1498 1812 1550 1846 o.
1588 1793 2020 1867 Gravissimwuque
2043 1802 2091 1849 ei
2117 1803 2189 1849 rei
2213 1802 2395 1871 suppli·

1375 1875 1514 1924 cium.
1537 1874 1718 1945 Longe
1748 1875 1901 1928 aliter
1928 1895 1983 1929 se
2007 1877 2206 1931 habent
2234 1877 2392 1933 codd.

1377 1952 1496 2023 Cuj.
1519 1951 1715 2005 Audin.
1743 1952 1893 2007 Leid.
1916 1973 1999 2027 pr.
2019 1956 2193 2011 Oxou.
2213 1955 2392 2012 Petziv.

1374 2042 1429 2083 et
1449 2044 1629 2085 noster
1655 2033 1804 2102 5764
1825 2052 1839 2086 :
1856 2033 1926 2085 iba·
1938 2037 2215 2107 supplicitate
2229 2039 2393 2090 horum

1375 2109 1649 2162 delubrorum
1688 2131 1793 2162 cum
1835 2118 2049 2167 cruciatu
2090 2121 2392 2170 constituam

1374 2200 1460 2242 est.
1492 2188 1627 2243 Cod.
1652 2203 1831 2245 noster
1853 2192 1917 2244 R.
1952 2192 2101 2264 5763
2131 2196 2394 2268 vulgatam

1375 2268 1550 2322 habet.
1578 2269 1747 2323 Porro
1779 2288 1964 2325 manca
1993 2285 2073 2326 est
2109 2274 2206 2328 ista
2230 2277 2394 2347 phra-

1376 2348 1446 2401 sis
1463 2385 1480 2413 ‚
1508 2360 1562 2401 et
1588 2368 1697 2401 non
1727 2350 1863 2403 bene
1892 2350 2029 2404 fluit.
2063 2352 2254 2407 Sensus
2281 2367 2393 2421 est,

1377 2445 1441 2480 ex
1471 2428 1677 2500 vulgata
1706 2428 1930 2483 lectione
1957 2449 1972 2484 ε
2001 2450 2096 2484 non
2124 2453 2273 2505 soepe,
2308 2434 2397 2489 vel

1377 2526 1500 2560 raro
1528 2506 1747 2575 accidit,
1775 2521 1832 2561 ut
1855 2511 2096 2580 neglecta,
2117 2525 2265 2567 eta...
2299 2511 2394 2567 sed

1377 2606 1544 2659 quum
1582 2586 1637 2641 id
1691 2587 1882 2643 accidit
1900 2629 1917 2656 ‚
1962 2596 2293 2661 gravissumum
2347 2599 2397 2647 ei

1378 2671 1450 2718 rei
1488 2669 1765 2740 supplicium
1822 2674 2124 2724 constitutum
2176 2685 2262 2728 est.
2311 2673 2395 2727 Ex

1377 2747 1536 2800 altera
1566 2748 1792 2801 lectione
1823 2767 1838 2801 ε
1889 2750 2109 2824 Namque
2143 2769 2269 2824 ωερε
2309 2773 2394 2805 ac-

1376 2826 1508 2889 cidit,
1523 2839 1589 2889 ut,
1603 2839 1690 2879 etc.
1702 2847 1844 2899 quum
1853 2833 2194 2900 quispiam,etc.
2207 2833 2274 2883 ibe·
2279 2852 2394 2904 sup·

1367 2907 1567 2976 plicium
1596 2907 1760 2957 horum
1785 2906 2060 2959 delictorum
2091 2915 2396 2963 constitutam

1376 2997 1449 3035 est
1459 2980 1580 3055 (pro
1589 2982 1690 3048 sit).
1707 2984 1763 3036 in
1777 2997 2003 3055 utroque
2014 2987 2394 3058 sensu,ingrata

1376 3075 1453 3116 est
1461 3062 1655 3115 etdura
1664 3065 1984 3116 constructio
1990 3065 2196 3136 phrasis
2206 3105 2222 3131 ,
2235 3085 2394 3137 quam

1375 3144 1570 3196 rectius
1602 3142 1741 3214 cepit
1782 3147 1988 3215 graecus'
2017 3144 2302 3216 interpres,
2329 3165 2398 3200 ex

1376 3222 1659 3293 exemplari
1687 3241 1784 3275 suo
1810 3239 1825 3274 :
1849 3223 1906 3275 Et
1939 3223 2025 3293 μὲν
2062 3225 2156 3296 γάρ
2196 3245 2322 3285 τινος
2361 3227 2399 3283 ἢ

1376 3307 1463 3363 τῆς
1490 3299 1783 3362 Θεοσεῧείας
1820 3303 2180 3374 ἀμελήσαντας,
2207 3305 2239 3361 ἢ
2277 3305 2311 3357 ἃ
2349 3307 2396 3358 ἂν

1377 3389 1449 3452 τῷ
1478 3385 1676 3453 πολέμῳ
1712 3380 1910 3448 ἱλαςον,
1938 3384 2227 3454 κρύψαντες,
2249 3383 2282 3441 ἢ
2314 3385 2401 3438 καὶ

1380 3460 1445 3514 τὰ
1470 3457 1571 3518 ἤδη
1615 3464 1914 3515 ἀνατιθέντα
1969 3463 2232 3529 κλέψαντες
2255 3504 2271 3527 ,
2318 3464 2399 3516 ιῦο

1380 3560 1585 3612 panorm,
1616 3543 1814 3603 τούτους
1843 3538 2055 3613 ἀφειδῶς
2073 3543 2343 3604 κολάζουσι.

1461 3621 1589 3673 Ου’.
1608 3620 1814 3674 XVIII.
1836 3641 1858 3673 1
1872 3663 1885 3674 .
1904 3622 1986 3674 Ab
2009 3623 2401 3692 Ditepatrepro-

1378 3712 1570 3769 gnatos.
1600 3699 1755 3751 Hunc
1787 3700 2070 3754 Samothen
2103 3701 2262 3754 fuisse
2287 3699 2403 3753 dic-

1386 3792 1498 3832 tum
1527 3791 1604 3831 est
1630 3777 1736 3831 fide
1761 3779 1931 3830 Ber-osi
1971 3780 2205 3832 Anniani
2237 3778 2404 3833 tradit

1383 3857 1536 3911 Edm.
1583 3858 1947 3911 Dickensonus
1990 3859 2181 3929 Delph.
2215 3859 2405 3912 Phoen.
2440 3905 2447 3918 ,

1384 3958 1438 4010 p.
1476 3938 1600 3999 184.
1624 3935 1727 3989 Sed
1752 3937 1921 3989 miror
1946 3937 2119 3990 virum
2134 3937 2407 3991 eruditum

1386 4016 1721 4089 supposititio
1740 4016 1818 4068 illi
1844 4017 2006 4079 libro,
2033 4029 2087 4069 et
2102 4018 2408 4090 turpissimo

1388 4097 1684 4149 fabularum
1722 4095 2054 4166 sterquilinio
2104 4096 2409 4153 credidisse.

1387 4177 1569 4241 Quum
1617 4176 1770 4229 Pluto
1799 4176 1930 4229 locis
1968 4176 2152 4230 inferis
2188 4196 2411 4250 praesse

1389 4254 1694 4312 crederetur
1711 4294 1729 4322 ,
1764 4256 1997 4328 putarim
2043 4255 2227 4314 Gallos
2266 4260 2413 4314 bunc

2008 4387 2095 4459 ¹7
