3111 5147
752 519 902 591 320
1044 519 1121 589 C.
1176 517 1464 587 JULII
1518 513 1993 586 CAESARIS
2047 510 2609 583 COMMENT.

747 630 1079 747 nunquam
1110 650 1430 747 placuisse
1445 705 1465 739 ,
1487 651 1844 719 Avaricum
1879 646 2143 716 defendi
2161 700 2181 735 ,
2209 646 2396 738 cujus
2426 647 2520 714 rei
2550 656 2751 713 testes
2778 643 2885 738 ip·

747 784 855 829 sos
898 759 1170 827 haberet
1194 785 1214 841 3
1239 757 1350 827 sed
1384 758 1632 833 factum
1662 753 2101 850 imprudentia
2147 754 2553 846 Biturigum,
2574 765 2642 819 et
2676 751 2885 817 nimia

749 865 1176 958 obsequentia
1190 851 1213 888 ⁵
1260 863 1663 958 reliquorum
1678 916 1697 948 ,
1751 864 1847 930 uti
1889 860 2020 930 hoc
2070 857 2567 929 incommodum
2621 858 2882 950 accipe·

747 985 973 1041 retur:
1001 971 1069 1040 id
1107 985 1330 1039 tamen
1367 995 1435 1040 se
1476 969 1773 1039 celeriter
1812 966 2171 1061 majoribus
2209 964 2575 1034 commodis
2613 977 2879 1033 sanatu-

747 1103 917 1147 rum.
967 1081 1141 1149 Nam
1192 1101 1337 1169 quae
1376 1077 1460 1145 ab
1497 1074 1761 1169 reliquis
1813 1072 2020 1143 Gallis
2074 1073 2370 1143 civitates
2412 1070 2879 1155 dissentirent,

747 1184 871 1253 has
922 1208 1040 1252 sua
1082 1181 1414 1276 diligentia
1459 1180 1971 1300 adjunctarum,
2012 1193 2209 1272 atque
2264 1202 2472 1247 unum
2527 1121 2879 1245 consiliuni

747 1291 950 1358 totius
993 1287 1221 1359 Galliae
1263 1288 1706 1376 effecturum,
1746 1287 1932 1379 cujus
1976 1268 2345 1355 consensu⁶
2380 1294 2466 1353 ne
2507 1282 2689 1354 orbis
2728 1283 2871 1376 qui·

747 1395 901 1464 dem
933 1411 1257 1480 terrarum
1290 1397 1497 1490 possit
1527 1392 1888 1464 obsistere⁷
1909 1392 2145 1487 :idque
2173 1415 2242 1460 se
2271 1415 2479 1485 prope
2502 1389 2645 1482 jam
2673 1387 2871 1458 effec-

749 1515 892 1570 tum
922 1502 1183 1570 habere.
1222 1502 1484 1571 Interea
1516 1525 1777 1597 aequum
1805 1523 1983 1587 esse,
2014 1498 2099 1566 ab
2134 1500 2210 1566 iis
2238 1497 2604 1566 communis
2642 1493 2872 1563 salutis

749 1632 948 1677 causa
973 1609 1310 1702 impetrari
1328 1661 1347 1695 ,
1376 1621 1453 1675 ut
1478 1621 1692 1677 castra
1715 1607 1973 1675 munire
1990 1605 2437 1690 instituerent,
2464 1626 2595 1696 quo
2612 1598 2863 1669 facilius

749 1716 1125 1809 repentinos
1160 1714 1452 1782 hostium
1478 1716 1763 1806 impetus
1783 1714 2113 1781 sustinere
2144 1722 2427 1805 possent.
2457 1738 2494 1773 n

852 1823 1072 1888 XXX.
1129 1821 1278 1887 Fuit
1315 1820 1456 1887 haec
1504 1820 1715 1888 oratio
1764 1843 1900 1888 non
1945 1819 2203 1912 ingrata
2258 1812 2507 1901 Gallis,
2544 1811 2822 1883 maxime
2844 1865 2864 1901 ,

746 1924 926 2019 quod
952 1926 1088 2019 ipse
1109 1926 1331 1993 animo
1355 1950 1493 1992 non
1520 1924 1850 1993 defecerat
1868 1977 1888 2010 ‚
1911 1938 2098 1995 tanto
2124 1935 2398 2017 accepto
2423 1919 2861 2007 incommodo,

746 2054 960 2124 neque
1004 2056 1072 2100 se
1107 2032 1176 2098 in
1215 2028 1550 2099 occultum
1590 2029 1932 2097 abdiderat
1948 2082 1967 2116 ,
2011 2042 2080 2097 et
2113 2041 2539 2123 conspectum
2577 2025 2864 2095 multitu-

745 2135 913 2205 dinis
927 2135 944 2160 ¹
971 2135 1230 2230 ingerat
1252 2161 1266 2203 :
1290 2134 1565 2231 plusque
1590 2138 1810 2204 animo
1834 2133 2183 2229 providere
2206 2147 2276 2202 et
2297 2135 2678 2229 praesentire
2706 2134 2859 2201 exis·

747 2242 1102 2310 timebatur
1120 2297 1139 2325 ‚
1168 2241 1378 2336 quod,
1409 2268 1480 2311 re
1515 2245 1770 2336 integra
1790 2293 1810 2327 ,
1838 2242 2052 2335 primo
2079 2231 2563 2309 incendendum
2578 2237 2598 2262 ²
2636 2239 2857 2307 Avari·

748 2372 899 2418 cum
914 2363 1095 2443 ,post
1118 2347 1551 2417 deserendum
1591 2361 1952 2416 censuerat.
1984 2348 2217 2441 Itaque
2234 2360 2308 2414 ut
2328 2344 2729 2439 reliquorum
2750 2346 2860 2411 im·

747 2469 1126 2549 peratorum
1161 2478 1263 2524 res
1292 2454 1582 2523 adversae
1614 2455 2069 2525 auctoritatem
2095 2454 2400 2522 minuunt
2420 2478 2440 2540 3
2459 2453 2545 2520 sic
2562 2449 2756 2543 hujus
2777 2473 2859 2518 ex

745 2561 1078 2632 contrario
1102 2559 1414 2654 dignitas,
1440 2559 1862 2630 incommodo
1893 2573 2199 2656 accepto,
2224 2560 2291 2628 in
2316 2558 2453 2629 dies
2476 2556 2858 2654 augebatur:

1846 2770 2040 2843 opinor
2077 2769 2241 2824 Gallis
2268 2771 2352 2823 vel
2394 2782 2522 2824 tunc
2562 2770 2723 2823 fuisse
2749 2767 2857 2821 feli·

1848 2851 1979 2904 citer
2022 2869 2307 2904 cessurum.
2344 2849 2542 2916 Gallia,
2590 2850 2673 2902 his
2706 2849 2857 2902 etiam

747 2768 895 2844 quod
918 2773 1205 2840 contingere,
1231 2770 1457 2824 accidere.
1475 2770 1561 2823 Sic
1582 2783 1761 2824 noster

747 2848 815 2903 de
832 2852 892 2904 Β.
919 2848 980 2903 C.
998 2851 1066 2916 ‚l.
1082 2869 1214 2916 11,c.
1235 2851 1305 2904 38
1322 2887 1340 2915 ,
1357 2862 1631 2921 proventum
1660 2869 1760 2922 pro

748 2948 985 2984 successu
1012 2930 1208 3003 posuit.
1222 2931 1302 2983 Ita
1327 2930 1568 2984 Iustinus
1579 2968 1596 2997 ,
1609 2931 1645 2983 l.
1658 2948 1760 2997 vn,

744 3029 792 3064 c.
825 3014 891 3076 63
924 3011 995 3063 ita
1024 3010 1165 3063 Suet.
1180 3012 1312 3082 Aug.
1339 3028 1384 3063 c.
1419 3016 1525 3079 943
1559 3022 1609 3063 et
1639 3009 1758 3062 Val.

744 3089 937 3143 Ma1.l.
955 3108 1050 3156 111,
1064 3110 1111 3143 c.
1128 3110 1179 3156 2,
1209 3085 1239 3152 S
1259 3092 1312 3157 5,
1324 3102 1427 3143 ext.
1439 3090 1760 3141 Excellentis

745 3173 885 3221 sirnos
901 3172 1344 3241 virtutisprooentus
1356 3170 1635 3222 miserabilis
1653 3170 1758 3239 lap·

745 3269 825 3300 sus
848 3252 1074 3322 sequitur.

831 3328 881 3382 5.
903 3329 956 3380 E
957 3340 979 3378 t
992 3332 1137 3380 nirnia
1149 3328 1444 3398 obsequentia
1457 3326 1756 3398 reh‘quorum.

746 3405 874 3460 vid.
895 3426 1072 3479 supra,
1083 3426 1196 3479 cap.
1221 3426 1244 3460 1
1258 3408 1308 3459 5.
1322 3438 1402 3448 -
1421 3405 1756 3478 obsequentia.

657 3475 676 3490 ‘
745 3483 867 3540 scil.
891 3486 1054 3539 nimia
1081 3486 1325 3538 facilitate
1338 3503 1441 3556 qua
1464 3483 1625 3537 duces
1638 3485 1761 3537 Ga]-

740 3565 918 3619 lorum
932 3578 1086 3637 atque
1098 3566 1209 3636 ipse
1219 3564 1619 3636 Vercingetorix
1634 3583 1756 3636 pre·

743 3645 892 3699 cibus
921 3645 1217 3717 Biturigum
1247 3656 1519 3697 cesserant.

827 3729 879 3779 6.
899 3725 1155 3778 Consensu.
1165 3724 1342 3794 Vulgo
1360 3727 1613 3776 consensui
1629 3721 1757 3776 vid.

743 3805 779 3857 l.
813 3824 868 3871 1,
898 3823 943 3857 c.
979 3808 1086 3870 16;
1117 3803 1420 3874 magistratu
1449 3815 1686 3876 praeerat.

827 3904 879 3955 7.
908 3883 986 3936 Ne
1004 3884 1130 3936 orbis
1155 3884 1340 3957 quidem
1360 3896 1589 3935 ten-arum
1603 3886 1763 3953 possit

742 3964 979 4017 obsistere.
999 3965 1067 4017 Et
1081 3983 1139 4017 ea
1163 3963 1269 4017 sola
1289 3964 1470 4017 fuisset
1491 3963 1625 4016 ratio
1650 3963 1757 4014 Ro·

742 4062 926 4097 manos
948 4042 1194 4098 vincendi
1231 4057 1284 4097 et
1304 4040 1599 4117 expellendi
1611 4080 1628 4110 ,
1647 4042 1755 4095 scil.

743 4142 989 4175 consensus
1003 4123 1259 4178 omnium.
1276 4124 1412 4176 Nam
1437 4121 1647 4176 Avarici
1675 4122 1758 4174 in·

743 4201 990 4257 eendium
1027 4217 1080 4257 et
1113 4204 1333 4260 aliarum
1372 4204 1616 4270 urbium,
1646 4220 1755 4255 non

1846 2931 2189 3002 temporibus,
2199 2930 2324 2982 huic
2336 2889 2659 2982 defensionis
2668 2927 2859 3001 generi,

1846 3008 2026 3082 quod
2011 3009 2186 3062 inlate
2201 3009 2337 3102 agris
2363 3022 2416 3062 et
2446 3009 2709 3061 urbibus‘
2693 3026 2860 3061 moen·

1846 3087 2057 3151 dendis,
2056 3089 2345 3160 vastisque
2368 3086 2745 3141 solitudinibus
2768 3086 2862 3140 cir·

1845 3187 2175 3240 cumquaque
2187 3166 2477 3222 efficiendis
2490 3167 2751 3234 consistit,
2766 3166 2861 3218 im·

1844 3266 1943 3320 par
1966 3261 2103 3300 erat·
2090 3286 2106 3313 ,
2122 3249 2322 3320 quippe
2334 3267 2451 3320 quae
2463 3260 2514 3300 et
2540 3247 2767 3298 feracior
2780 3284 2797 3312 ,
2812 3257 2862 3298 et

1844 3327 2203 3400 temperatior,
2215 3340 2268 3380 et
2278 3327 2546 3379 hominum
2561 3325 2716 3376 multi
2721 3324 2862 3376 tudi-

1844 3425 1912 3459 ne
1924 3406 2267 3478 frequentior,
2276 3424 2428 3478 quam
2439 3416 2496 3456 ut
2503 3403 2644 3456 hosti
2650 3403 2737 3455 vel
2752 3403 2856 3456 rni-

1844 3488 1988 3539 nime
2005 3486 2174 3556 sagaci
2188 3506 2297 3539 non
2317 3496 2600 3557 superesset
2627 3481 2831 3555 aliquid
2843 3520 2859 3548 ,

1844 3564 1987 3617 unde
2028 3584 2083 3618 se
2120 3566 2294 3638 ipsum
2335 3575 2509 3638 posset
2550 3575 2859 3619 sustentare.

1845 3644 2010 3698 Gallis
2025 3657 2199 3697 autem
2211 3644 2660 3698 consentientibus
2672 3657 2725 3696 et
2739 3661 2857 3696 con·

1846 3724 2097 3778 cordibus
2121 3725 2198 3776 nil
2224 3737 2398 3796 potest
2414 3723 2695 3788 obsistere3
2718 3717 2855 3795 quod

1843 3817 2021 3856 nostra
2036 3805 2504 3876 ubique'probatur
2530 3802 2766 3855 historia.
2792 3801 2856 3853 Et

1844 3901 2018 3950 nunc,
2050 3903 2084 3935 o
2106 3885 2275 3949 cives,
2302 3882 2609 3955 intelligite!

1924 3964 2053 4016 Car.
2070 3964 2243 4015 XXX.
2267 3983 2315 4016 1.
2334 3963 2593 4032 Etcmespe
2591 3974 2718 4013 επακ
2740 3959 2854 4012 mu!-

1845 4043 2076 4095 titudinis.
2102 4043 2183 4095 Ita
2211 4053 2343 4113 optt.
2372 4040 2529 4094 codd.
2555 4054 2607 4093 et
2626 4042 2732 4094 fere
2752 4058 2859 4092 om·

1842 4141 1952 4175 nes.
1986 4121 2273 4186 Nonnulli,
2299 4141 2445 4193 neque
2471 4132 2779 4192 con-spectem.

1907 4222 1934 4256 τι
1944 4201 2483 4257 ,Primoincendendmm
2488 4200 2615 4273 Sup.
2630 4220 2652 4254 1
2664 4207 2695 4266 4
2707 4212 2757 4253 et
2772 4201 2855 4253 26.
