3111 5147
768 526 868 603 26
1044 532 1118 601 C.
1174 531 1460 601 JULII
1517 529 1986 601 CAESARIS
2040 526 2587 599 COMMENT.

764 684 851 729 ne
889 662 1029 756 ejus
1062 664 1385 761 supplicio
1410 664 1723 737 Divitiaoi
1751 664 2044 731 animum
2079 660 2478 751 offenderet,
2505 656 2870 728 verebatur.

764 770 995 863 Itaque
1035 773 1418 867 priusquam
1456 770 1815 871 quidquam
1856 784 2229 860 conaretur,
2250 768 2652 837 Divitiacum
2681 764 2768 834 ad
2808 788 2874 834 se

763 879 988 945 vocari
1015 877 1234 970 jubet;
1264 892 1333 947 et
1345 877 1781 1011 ,quotidianis
1796 875 2276 997 interpretibus
2317 875 2619 961 remotis,
2647 895 2768 967 per
2782 872 2872 941 C.

765 978 1103 1052 Valerium
1146 970 1548 1059 ΡιοιτὶΙΙιιιιις
1552 985 1964 1103 ,principem
2006 980 2236 1053 Galliae
2267 982 2658 1077 provinciae,
2689 978 2874 1047 fami·

762 1083 991 1158 liarem
1015 1114 1243 1177 suum,
1265 1093 1372 1160 eui
1402 1115 1728 1161 summam
1761 1091 2055 1161 omnium
2085 1113 2306 1157 rerum
2334 1088 2533 1156 fldem
2561 1083 2876 1171 habebat,

763 1216 915 1263 cum
958 1218 1042 1264 eo
1084 1194 1515 1331 colloquitur.
1548 1194 1739 1266 simul
1785 1195 2322 1283 commonefacit,
2349 1218 2497 1288 quoe
2542 1194 2687 1286 ipso
2721 1215 2878 1285 prae·

764 1313 949 1368 sente
1004 1303 1071 1369 in
1124 1289 1462 1373 eoncilio⁶
1500 1302 1848 1374 Gallorum
1889 1303 1971 1372 de
2023 1302 2437 1395 Dumnorige
2490 1301 2620 1369 sint
2667 1297 2878 1384 dicta,

763 1418 833 1472 et
866 1408 1151 1479 ostendit
1182 1408 1231 1495 ⁷,
1260 1434 1429 1504 quaee
1449 1412 1799 1506 separatim
1834 1411 2106 1507 quisque
2146 1408 2230 1476 de
2271 1432 2351 1475 eo
2392 1405 2569 1501 apud
2598 1428 2667 1473 se
2700 1402 2877 1471 dixe-

765 1514 852 1579 rit
893 1536 909 1579 z
949 1516 1111 1607 petit
1163 1529 1360 1610 atque
1402 1516 1744 1604 hortatur,
1775 1526 1854 1585 ut
1903 1517 2042 1585 sine
2092 1514 2231 1607 ejus
2273 1513 2637 1582 offensione
2679 1508 2876 1578 animi

762 1615 869 1685 vel
909 1621 1049 1713 ipse
1092 1621 1174 1690 de
1214 1646 1331 1710 en,
1353 1645 1549 1692 causa
1594 1624 1892 1717 cognita,
1921 1635 2200 1709 statuat,
2229 1617 2336 1689 vel
2378 1620 2710 1688 civitatem
2751 1629 2878 1684 sta·

763 1736 949 1794 tuere
983 1726 1229 1819 jubeat.

868 1834 1021 1900 XX.
1068 1835 1434 1902 Divitiaeus
1478 1833 1700 1905 multis
1741 1857 1896 1903 eum
1937 1831 2222 1902 lacrimis
2260 1830 2304 1920 ¹,
2332 1833 2661 1901 Caesarem
2703 1852 2881 1897 eom·

764 1935 995 2029 plexus
1046 1938 1392 2007 obsecrare
1450 1942 1652 2034 coepit
1676 1992 1696 2027 ‚
1749 1969 1784 2005 α
1834 1963 1920 2007 ne
1969 1938 2126 2033 quid
2179 1940 2442 2032 gravius
2493 1938 2561 2003 in
2613 1935 2884 2004 fratrem

763 2054 1125 2113 statueret:
1165 2046 1331 2113 scire
1373 2070 1443 2115 se
1481 2044 1592 2114 illa
1637 2068 1779 2115 esse
1811 2068 2017 2133 'vera3
2071 2069 2193 2114 nec
2243 2066 2639 2138 quemquam
2681 2064 2764 2109 ex
2807 2065 2886 2109 eo

764 2145 914 2241 plus
932 2201 953 2235 ‚
986 2174 1185 2243 quam
1242 2176 1354 2240 se,
1395 2150 1642 2223 doloris
1700 2176 1936 2249 capere
1963 2206 1983 2239 ‚
2024 2165 2376 2246 propterea
2422 2147 2599 2243 quod
2619 2201 2639 2238 ,
2680 2171 2884 2240 quum

765 2254 905 2348 ipse
950 2258 1160 2351 gratia
1205 2255 1563 2352 plurimum
1601 2258 1781 2328 domi
1817 2273 2013 2353 atque
2052 2261 2120 2325 iu
2162 2256 2409 2351 reliqua
2444 2253 2698 2342 Gallia,
2724 2249 2884 2321 ille²

765 2362 1111 2431 minimum
1158 2380 1432 2460 propter
1476 2363 1979 2434 adolescentiam
2040 2376 2307 2460 posset,
2355 2387 2475 2457 per
2527 2385 2596 2430 se
2644 2360 2886 2429 crevis-

764 2452 912 2535 set³
945 2470 1236 2562 :quibus
1288 2466 1522 2566 opibus
1578 2496 1655 2540 ac
1698 2474 1918 2544 nervis
1940 2457 1966 2507 ⁴
2002 2496 2137 2540 non
2181 2467 2391 2540 solum
2450 2467 2534 2535 ad
2587 2467 2888 2535 minuen-

648 2635 653 2646 .
766 2570 918 2640 dam
974 2578 1249 2668 gratiam
1278 2630 1298 2664 ,
1354 2577 1471 2646 sed
1529 2602 1698 2673 pene
1755 2579 1839 2647 ad
1898 2580 2253 2674 perniciem
2311 2600 2496 2644 suam
2547 2587 2886 2642 uteretur:

764 2702 908 2747 sese
942 2693 1163 2749 tamen
1198 2696 1265 2751 et
1305 2707 1530 2753 amore
1557 2684 1849 2754 fraterno
1884 2699 1952 2754 et
1983 2683 2458 2754 existimatione
2489 2678 2672 2775 vulgi
2706 2703 2889 2748 eom·

766 2788 1037 2855 moveri.
1084 2788 1286 2877 Quod
1346 2792 1399 2858 si
1451 2790 1610 2885 quid
1669 2794 1727 2859 ei
1782 2816 1820 2860 a
1879 2793 2141 2861 Caesare
2200 2790 2463 2886 gravius
2507 2785 2848 2856 accidisset
2869 2838 2890 2872 ,

849 2985 900 3039 6.
925 2986 1173 3044 Valerium
1193 2989 1640 3047 prmum-‚Varie
1655 2989 1785 3061 legi·

770 3078 857 3119 tur
875 3067 1187 3132 Tmaciucan,
1210 3070 1293 3122 vel
1314 3070 1620 3126 Tmucillum.
1643 3069 1788 3124 Grn-

767 3164 858 3198 cus
892 3146 1111 3219 interpr.
1146 3150 1461 3219 Προαιιίλλον.
1492 3183 1571 3192 —
1593 3150 1786 3201 Princi-

762 3244 886 3293 pem.
908 3227 1091 3278 Unum
1120 3245 1150 3279 e
1170 3229 1511 3298 primoribus.

849 3307 903 3356 6.
948 3304 1180 3358 Concilio.
1204 3306 1333 3360 vid.
1354 3327 1497 3379 supr.
1518 3327 1566 3360 c.
1595 3309 1782 3362 16-18.

850 3399 903 3453 7.
947 3384 1024 3435 Et
1056 3385 1277 3438 ostendit.
1314 3387 1573 3439 Nonnulli
1608 3385 1786 3439 delent

769 3461 985 3515 ostendit.
1009 3464 1260 3517 Restituit
1277 3467 1543 3531 Davisius,
1565 3484 1628 3518 ex
1645 3464 1788 3520 eodi-

768 3542 915 3595 cibus
931 3580 947 3608 ,
971 3553 1030 3595 ut
1054 3543 1122 3595 sit
1147 3562 1325 3598 sensus
1349 3546 1593 3617 apertior.
1614 3545 1787 3599 Caesar

770 3621 1087 3675 Divitiacum
1116 3627 1494 3693 commonefacit,
1526 3624 1583 3678 id
1607 3638 1708 3692 est,
1729 3626 1786 3678 in

767 3702 1077 3755 memoriam
1096 3703 1357 3757 Divitiaoo
1380 3717 1590 3758 revocat
1610 3704 1789 3759 audita

769 3781 869 3852 ipsi
897 3782 953 3834 in
980 3783 1235 3850 concilio,
1264 3797 1317 3836 et
1340 3785 1548 3837 ostendit
1578 3804 1692 3853 res,
1726 3797 1787 3838 ut

770 3873 920 3915 antea
945 3881 1054 3915 non
1077 3863 1175 3935 ipsi
1204 3864 1453 3936 cognitas.

849 3942 976 3994 Car.
1006 3943 1127 3995 XX.
1153 3961 1198 3996 1.
1226 3944 1399 3997 Multis
1414 3965 1519 3997 cum
1542 3945 1782 4017 lacrywis.

768 4020 833 4070 In
852 4019 969 4073 eod.
989 4023 1166 4094 primo
1176 4023 1421 4078 Leidensi
1433 4026 1645 4077 malem.
1661 4026 1784 4078 Non

768 4099 904 4151 male
914 4104 1308 4176 wntapVirgJ.
1325 4123 1426 4170 ιιι,
1439 4108 1561 4159 AEn.
1579 4123 1630 4158 v.
1651 4105 1783 4170 348.

768 4193 830 4239 Et
851 4195 1047 4314 unffi
1064 4197 1286 4262 lacryma·
1307 4201 1480 4250 verb·
1468 4212 1589 4252 mter
1606 4201 1788 4266 tinssult

1028 4277 1059 4313 t·

1873 2988 2008 3044 cod.
2031 3005 2244 3060 quoque
2259 2999 2439 3042 noster
2468 2987 2645 3056 6764,
2674 2985 2889 3040 aalma.

1957 3089 2007 3128 ι,
2040 3070 2146 3123 lue.
2171 3068 2293 3126 Scil.
2329 3066 2641 3122 Dumnorix.

1956 3149 2009 3201 3.
2051 3149 2150 3200 Per
2188 3168 2239 3199 se
2268 3150 2498 3199 crevisset.
2550 3143 2688 3197 Male
2733 3162 2888 3214 grac.

1872 3227 2129 3300 interpres
2153 3222 2225 3279 δι’
2246 3228 2419 3279 imon
2445 3230 2524 3277 νῦν
2558 3224 2771 3296 uquam
2803 3220 2895 3276 ‹N›-

1871 3327 2015 3378 ναμιν
2058 3308 2293 3362 κέκτηται
2325 3323 2339 3357 :
2366 3304 2438 3358 ita
2474 3317 2534 3356 ut
2569 3302 2892 3373 intelligatur

1872 3387 2251 3457 Dumnorigem
2265 3403 2362 3460 per
2378 3403 2432 3437 se
2452 3384 2624 3456 ipsum
2636 3382 2896 3448 crevisse,

1872 3464 2022 3538 quod
2054 3465 2239 3518 falsum
2264 3476 2356 3518 est.
2388 3464 2676 3520 Divitiacus
2704 3473 2894 3518 contra

1876 3545 1976 3599 ait.
1995 3546 2209 3598 fratrem
2222 3562 2403 3611 suum,
2423 3561 2588 3622 quum
2609 3542 2891 3602 minimum

1875 3638 2073 3697 posset,
2094 3637 2312 3702 propter
2357 3621 2758 3682 adolescentiam
2771 3641 2896 3692 ‚per-

1873 3726 1922 3757 se
1934 3705 2092 3767 ‚scih
2117 3723 2215 3777 per
2239 3706 2413 3777 ipsum
2437 3702 2783 3766 Divitiacum,
2799 3702 2892 3754 vel

1872 3804 1969 3857 per
1998 3781 2250 3838 Divitiaci
2276 3803 2402 3859 opes
2421 3795 2473 3840 et
2495 3781 2892 3847 auctoritatem,

1872 3864 2110 3919 wisse.

1954 3952 2006 4010 4.
2048 3945 2235 4002 Nervis.
2277 3944 2535 4009 ‘Viribus3
2580 3939 2892 4011 metaphora

1869 4025 2034 4097 petita
2050 4025 2117 4078 ab
2134 4025 2485 4080 animantibus
2504 4039 2730 4094 qnorum
2747 4018 2896 4074 vires

1872 4103 1927 4157 in
1954 4105 2129 4164 nervis
2161 4104 2467 4164 consistunt.
2497 4099 2643 4155 Pedo
2668 4098 2895 4152 Albino·

1873 4203 2066 4252 vanus,
2091 4184 2234 4256 Eleg.
2257 4201 2310 4251 1,
2334 4203 2386 4237 v.
2417 4183 2527 4248 48.

1875 4272 1975 4319 Nee
1995 4286 2275 4334 quenquam
2291 4285 2460 4319 nervos
2476 4265 2743 4317 extimuisse
2765 4279 2892 4313 snos.

3027 0 3056 263 44...μ-...ιιι
