3111 5147
745 552 894 628 356
1054 555 1134 622 C.
1189 551 1472 621 JULII
1525 547 1993 619 CAESARIS
2045 546 2599 616 COMMENT.

737 691 966 757 versu‘s
1004 686 1200 756 missa
1214 738 1233 772 ,
1259 708 1407 780 quae
1443 695 1701 752 tantum
1744 678 2253 776 progrederetur
2268 731 2287 766 ,
2317 691 2644 774 quantum
2672 700 2867 749 naves

736 794 1241 890 processissent,
1270 790 1551 884 reliquas
1591 788 1815 882 copias
1854 799 2088 860 contra
2121 786 2489 863 Labienum
2519 785 2864 855 duxerunt.

841 901 1056 970 LXII.
1111 899 1331 966 Prima
1378 895 1525 965 luce
1564 907 1632 963 et
1669 893 1875 962 nostri
1914 917 2143 962 omnes
2182 905 2371 961 erant
2408 892 2868 986 transportati,

733 1022 801 1075 et
838 1007 1126 1075 hostium
1162 1005 1334 1072 acies
1374 1000 1770 1071 cernebatur
1788 997 1827 1067 ¹.
1872 999 2202 1069 Labienus
2229 1051 2250 1085 ,
2283 998 2519 1067 milites
2559 1000 2862 1068 cohorta-

735 1127 884 1199 tus,
929 1141 964 1176 α
994 1125 1071 1180 ut
1109 1133 1243 1179 suae
1287 1108 1580 1202 pristinae
1632 1106 1895 1174 virtutis
1919 1158 1939 1193 ,
1978 1120 2047 1175 et
2093 1118 2194 1174 tot
2238 1104 2861 1176 secundissimorum

734 1216 1111 1312 praeliorum
1144 1216 1533 1283 memoriam
1570 1210 1962 1280 retinerent²
1970 1227 2213 1305 ,atque
2245 1212 2460 1306 ipsum
2502 1214 2861 1299 Caesarem,

734 1325 922 1416 cujus
961 1322 1167 1392 ductu
1209 1344 1660 1415 saepenumero
1703 1318 1926 1387 hostes
1979 1333 2437 1413 superassent,
2476 1333 2862 1413 praesentem

731 1415 994 1499 adesse³
1020 1429 1499 1514 existimarent,
1532 1455 1566 1491 ι)
1601 1424 1717 1493 dat
1746 1426 2005 1519 signum
2034 1423 2255 1518 praelii.
2284 1426 2509 1493 Primo
2537 1448 2862 1495 concursu

732 1536 819 1605 ab
867 1535 1101 1604 dextro
1159 1558 1414 1621 cornu,
1453 1532 1569 1601 ubi
1621 1533 1896 1625 septima
1951 1529 2122 1625 legio
2179 1531 2607 1619 constiterat,
2644 1531 2863 1601 hostes

730 1641 1101 1737 pelluntur,
1128 1655 1325 1734 atque
1353 1642 1420 1707 in
1451 1638 1676 1732 fugam
1710 1638 2190 1730 conjiciuntur:
2224 1638 2309 1705 ab
2343 1638 2642 1724 sinistr0,
2673 1663 2861 1733 quem

730 1748 952 1818 locum
992 1746 1384 1815 duodecima
1423 1743 1595 1838 legio
1626 1743 1926 1832 tenebat,
1954 1768 2161 1836 quum
2190 1745 2383 1838 primi
2413 1743 2681 1815 ordines
2716 1745 2858 1815 hos-

731 1857 898 1923 tium
954 1851 1247 1921 transfixi
1288 1850 1433 1945 pilis
1487 1848 1928 1919 concidissent
1953 1903 1972 1939 ‚
2011 1864 2235 1919 tamen
2279 1852 2597 1919 acerrime
2636 1851 2857 1947 reliqui

731 1958 1122 2029 resistebant
1146 2011 1165 2044 ,
1203 1981 1329 2025 nec
1369 1955 1571 2024 dabat
1613 1959 2051 2050 suspicionem
2096 1957 2269 2050 fugae
2305 1959 2675 2052 quisquam.
2719 1961 2857 2053 Ipse

733 2066 868 2134 dux
904 2066 1193 2134 hostium
1233 2061 1725 2157 Camulogenus
1765 2065 1896 2132 suis
1936 2062 2163 2131 aderat
2187 2117 2206 2150 ,
2246 2078 2442 2158 atque
2480 2088 2595 2133 eos
2626 2065 2855 2134 cohor-

733 2172 1016 2242 tabatur.
1050 2173 1170 2258 At,
1199 2172 1454 2239 incerto
1482 2171 1681 2237 etiam
1722 2193 1900 2238 nunc
1928 2171 2105 2238 exitu
2132 2170 2457 2258 victoriae,
2482 2195 2692 2265 quum
2720 2196 2852 2266 sep—

733 2282 910 2349 timae
957 2278 1229 2372 legionis
1280 2277 1562 2345 tribunis
1605 2288 1775 2346 esset
1821 2277 2195 2345 nuntiatum
2219 2330 2240 2364 ‚
2278 2300 2426 2371 quae
2473 2278 2543 2346 in
2603 2279 2854 2347 sinistro

732 2466 844 2530 ‚sive
861 2461 1126 2517 Romanos
1145 2475 1310 2518 castra
1335 2471 1559 2515 metatos
1571 2461 1756 2514 volue-

734 2547 806 2598 ris
834 2541 900 2596 ad
929 2542 1410 2615 septemtrionalem
1441 2552 1646 2612 partem
1664 2579 1682 2605 ,
1703 2552 1757 2594 et

735 2620 915 2678 Gallos
959 2616 1026 2674 ad
1075 2619 1511 2685 meridionalem3
1552 2632 1607 2673 et
1642 2620 1757 2673 vice

735 2721 915 2765 versa,
947 2702 1064 2753 illos
1095 2699 1163 2752 ad
1204 2698 1631 2765 meridionalem,
1658 2700 1757 2752 hos

738 2780 805 2834 ad
826 2776 1338 2853 septemtrionalem,
1323 2798 1337 2812 ·
1361 2780 1415 2831 in
1438 2798 1562 2832 casu
1582 2779 1757 2850 quoli-

733 2863 825 2914 bet
854 2861 1115 2915 exercitus
1145 2873 1367 2931 uterque
1403 2858 1579 2912 simili
1594 2857 1756 2911 modo

735 2942 1002 3035 tripartito
1026 2937 1345 2992 dividendus
1370 2951 1463 2992 est.
1493 2939 1538 2990 L
1541 2940 1758 2992 abienus

743 3011 798 3074 1⁰
829 3039 987 3073 naves
1021 3039 1143 3073 cum
1174 3019 1412 3091 equitatu
1452 3019 1647 3084 mittit,
1676 3037 1757 3071 se-

733 3099 911 3154 cundo
939 3099 1160 3153 flumine
1180 3094 1273 3161 (en
1293 3095 1437 3160 aval)
1463 3097 1529 3151 ad
1557 3098 1758 3151 distan-

731 3182 863 3234 tiam
891 3199 945 3233 tv
977 3180 1106 3233 mill.
1132 3198 1380 3251 passuum
1395 3174 1538 3239 (mr-s
1553 3174 1755 3239 δέρης)

733 3277 794 3312 ea
821 3270 1000 3312 mente
1027 3261 1137 3313 scil.
1164 3272 1224 3310 ut
1250 3268 1588 3328 protegerent
1611 3270 1757 3310 tran-

732 3340 894 3393 dtum
902 3341 1183 3401 exercitus3
1194 3355 1314 3389 nam
1329 3337 1432 3388 hoc
1445 3335 1759 3388 locotransi·

731 3437 792 3471 re
814 3422 922 3488 jam
936 3417 1314 3469 destinaverat.
1333 3406 1644 3487 2⁰qninque
1665 3434 1756 3468 co-

731 3498 914 3551 hortes
941 3496 1009 3548 ad
1029 3491 1325 3548 custodiam
1356 3508 1647 3547 castrorum
1672 3513 1755 3547 re·

729 3578 956 3671 linquit;
991 3565 1049 3629 3⁰
1075 3575 1310 3645 quinque
1348 3574 1472 3627 alias
1511 3574 1756 3628 cohortes

727 3644 897 3709 mittit
937 3654 1157 3707 adverso
1188 3649 1450 3714 flumine(
1474 3674 1531 3705 en
1560 3651 1753 3718 amone)

729 3756 854 3789 cum
895 3734 1142 3788 omnibus
1188 3731 1618 3804 impedimentis,
1668 3731 1757 3785 ad·

713 3844 718 3847 ⁴
728 3813 1182 3888 junctislintribus
1196 3851 1212 3878 ,
1229 3826 1287 3866 ut
1311 3811 1465 3864 dum'
1450 3831 1564 3884 ipse
1583 3824 1752 3865 trans·

727 3898 832 3951 iret
879 3893 1077 3946 flumen
1120 3894 1258 3944 infra
1307 3894 1607 3957 Lutetiam,
1650 3892 1752 3945 illa

725 3977 856 4049 ipsae
885 3985 1163 4046 pergerent
1187 3990 1344 4044 supra
1376 3930 1672 4036 Lutetiain,
1701 3984 1754 4024 et

728 4073 850 4106 eum
867 4065 1225 4146 exspectarent
1245 4053 1692 4105 interMatronam
1703 4063 1756 4103 et

725 4134 1050 4203 Sequanam,
1069 4122 1129 4194 4⁰
1143 4134 1255 4204 ipse
1270 4150 1390 4184 cum
1402 4132 1574 4184 tribus
1588 4132 1750 4202 legio

725 4213 886 4264 nibus
921 4212 1158 4283 quinque
1183 4212 1427 4264 cohortes
1457 4211 1638 4263 missas
1669 4229 1749 4262 se·

724 4290 901 4346 cundo
927 4290 1148 4344 flumine
1182 4291 1486 4361 insequitur
1516 4287 1585 4342 ad
1611 4302 1753 4343 tran·

1841 2463 2000 2514 situm
2033 2460 2390 2515 efficiendum.
2424 2462 2590 2516 Porro
2618 2463 2849 2514 hostibus

1842 2541 2104 2596 intellecta
2136 2560 2226 2608 re,
2248 2541 2379 2614 quid
2406 2543 2507 2596 erit
2523 2539 2851 2595 faciendum?

1849 2640 1871 2674 ι
1883 2612 2081 2674 “Parva
2092 2621 2508 2675 manusadverso
2518 2621 2731 2676 flumine
2740 2622 2854 2675 mit·

1842 2700 1999 2755 tenda
2009 2702 2128 2767 erit,
2139 2700 2387 2755 adversus
2393 2703 2851 2797 quinquelegiones

1842 2780 2046 2852 priores
2076 2794 2129 2834 et
2154 2780 2562 2874 impedimenta,
2595 2773 2650 2837 2⁰
2677 2782 2849 2835 Prai-

1842 2858 1993 2913 dium
2010 2880 2040 2913 e
2072 2861 2287 2933 regione
2322 2874 2615 2915 casu-orum
2658 2880 2847 2916 roman.

1841 2939 2537 3012 collocandum,oppositum
2550 2942 2851 3036 quinquele·

1840 3020 1982 3090 gion.
1995 3019 2062 3073 ad
2071 3019 2362 3073 custodiam
2373 3020 2655 3076 derelictis.
2666 3024 2693 3077 3
2728 3022 2851 3093 Ipsis

1841 3118 1963 3151 cum
1978 3100 2195 3172 reliquis
2218 3101 2325 3153 suis
2336 3102 2507 3173 copiis
2526 3102 2849 3174 proficiscen·

1842 3176 1970 3231 dum
2000 3192 2182 3232 contra
2213 3180 2524 3235 Labienum.
2544 3183 2611 3234 Et
2628 3184 2697 3234 ita
2724 3199 2849 3253 quo·

1838 3274 1947 3329 que
1974 3278 2029 3312 se
2054 3271 2355 3331 gesserunt,
2386 3272 2448 3313 ut
2475 3273 2615 3332 patet
2638 3279 2697 3313 ex
2723 3279 2847 3312 con·

1841 3349 1989 3390 textu
2020 3339 2152 3410 ipso.
2193 3339 2526 3411 Quapropter
2566 3339 2665 3392 erit
2702 3339 2847 3390 locus

1842 3436 2000 3488 supra
2038 3418 2302 3471 Lutetiam
2347 3420 2500 3483 situs,
2542 3417 2772 3471 diversus
2816 3435 2847 3470 a

1840 3495 2168 3562 MelodunO,
2202 3499 2286 3551 vel
2332 3457 2547 3561 corbeil,
2584 3499 2665 3551 vel
2703 3498 2849 3551 vicu·

1839 3571 2133 3649 Josay(qui
2164 3578 2338 3644 locus,
2361 3598 2425 3631 an
2455 3580 2525 3632 sit
2546 3579 2716 3650 Soisy·
2693 3597 2847 3630 σεσω-

1839 3640 2072 3719 Etiolles,
2093 3669 2273 3710 utrum
2291 3657 2480 3730 Clun‘sy
2479 3661 2572 3711 ·-Ie
2574 3660 2689 3720 Boi,
2706 3675 2846 3730 pror·

1840 3754 1927 3788 sus
1956 3736 2255 3807 ambigitur.
2270 3734 2311 3801 ),
2334 3751 2619 3810 corruptus
2638 3753 2846 3809 saneper

1838 3806 2247 3869 diminutionem
2264 3818 2499 3871 nominis
2524 3819 2737 3890 antiqui.

1918 3895 2048 3948 Car.
2086 3896 2257 3950 LXII.
2304 3914 2353 3949 1.
2391 3898 2701 3951 Cet-uebatur.
2731 3894 2841 3948 Alii·

1839 3974 2163 4026 cernebantur.
2208 3976 2512 4048 Utrumque
2549 3979 2700 4031 bene.

1924 4073 1973 4106 2.
2009 4055 2297 4108 Retinet-ent.
2325 4056 2464 4122 Alii,
2497 4069 2718 4111 tener-att.

1937 4134 1987 4186 3.
2030 4134 2319 4186 Praesentem
2356 4137 2538 4190 adesse.
2574 4140 2843 4191 Praesm

1835 4224 1984 4265 vacat
2005 4213 2059 4265 in
2085 4214 2374 4269 nonnullis.
2391 4216 2458 4270 Ῑιι
2470 4218 2667 4271 nostris
2684 4228 2841 4272 auten

1838 4290 1996 4345 codd.
2032 4291 2192 4347 adest.
