3111 5147
599 522 737 589 DE
791 498 1134 590 BELLo
1189 523 1662 595 GALLlco
1716 527 1902 596 ΜΒ.
1960 528 2058 596 ιι.
2290 530 2377 600 81

242 651 510 747 oppido
545 653 833 740 traditis,
857 655 925 721 in
968 654 1365 725 deditionem
1411 658 1788 727 Suessiones
1833 661 2124 754 accepit,
2154 667 2391 732 exerci-

242 774 536 853 tumque
574 762 643 827 in
684 758 1066 829 Bellovacos
1104 760 1306 830 duxit.
1354 763 1488 850 Qui
1523 789 1732 857 quum
1775 790 1844 833 se
1885 789 2132 860 suaque
2165 770 2391 838 omnia

239 867 311 933 in
375 865 710 960 oppidum
770 869 1303 960 Bratuspantium
1331 866 1353 891 ²
1405 868 1834 939 contulissent
1852 923 1871 957 ,
1916 886 2112 966 atque
2165 874 2249 941 ab
2308 900 2389 945 eo

242 970 510 1067 oppido
554 975 780 1040 Caesar
810 997 963 1041 cum
1008 975 1298 1043 exercitu
1341 974 1602 1044 circiter
1628 975 1831 1044 millia
1858 1000 2170 1070 passuum
2201 982 2390 1073 quin·

246 1081 377 1171 que
452 1078 747 1164 abesset,
785 1103 1014 1147 omnes
1077 1080 1359 1172 majores
1415 1095 1576 1149 natu
1604 1134 1624 1168 ,
1666 1106 1747 1150 ex
1806 1082 2052 1176 oppido
2106 1088 2389 1179 egressi,

250 1208 497 1253 manus
533 1184 619 1252 ad
648 1186 975 1253 Caesarem
1006 1185 1274 1255 tendere
1317 1200 1386 1254 et
1412 1210 1578 1256 voce
1613 1187 1980 1281 significare
2009 1207 2352 1284 coeperunt
2372 1245 2392 1279 ,

254 1313 394 1358 sese
452 1292 521 1357 in
577 1290 720 1383 ejus
780 1289 977 1359 fidem
1030 1315 1109 1360 ac
1148 1306 1561 1385 'potestatem
1610 1296 1873 1382 venire,
1904 1320 2117 1389 neque
2159 1312 2393 1366 contra

257 1395 586 1491 populum
648 1420 997 1466 romanum
1056 1400 1255 1467 armis
1317 1398 1734 1466 contendere.
1793 1403 1963 1469 Item
1983 1454 2002 1488 ,
2053 1425 2258 1496 quum
2309 1403 2395 1472 ad

259 1501 585 1597 oppidu'm
628 1505 1038 1591 accessisset,
1079 1518 1423 1596 castraque
1466 1503 1555 1571 ihi
1585 1520 1907 1597 poneret,
1937 1509 2126 1600 pueri
2163 1507 2391 1576 mulie-

262 1632 495 1726 resque
540 1633 623 1677 ex
658 1632 850 1677 muro
893 1610 1099 1702 passis
1141 1608 1442 1678 manibus
1485 1633 1608 1677 sno
1649 1634 1835 1678 more
1875 1635 2108 1705 pacem
2145 1612 2228 1680 ab
2256 1616 2393 1682 Ro-

264 1717 475 1782 manis
509 1716 860 1808 petierunt.

377 1823 558 1888 XIV.
600 1823 731 1889 Pr0
772 1821 874 1889 his
917 1821 1282 1891 Divitiacus
1324 1812 1523 1907 (nam
1569 1837 1722 1916 post
1762 1823 2118 1892 discessum
2161 1823 2389 1919 Belga-

273 1948 465 2012 rum,
491 1925 759 1995 dimissis
788 1926 1153 1995 AEduorum
1183 1928 1425 2022 copiis,
1462 1928 1546 1995 ad
1580 1953 1731 1997 eum
1759 1923 2208 2019 ¹reverterat)
2236 1930 2393 2001 facit

270 2031 477 2099 verba
506 2055 524 2099 τ
559 2061 592 2095 α
625 2031 1007 2102 Bellovacos
1048 2034 1227 2102 omni
1272 2047 1568 2127 tempore
1600 2034 1669 2102 in
1713 2034 1842 2102 fide
1879 2050 2075 2128 atque
2109 2037 2394 2105 amicitia

274 2136 553 2207 civitatis
594 2139 820 2208 AEduoe
864 2139 1107 2208 fuisse:
1138 2137 1454 2233 impulsos
1494 2164 1551 2207 *a
1610 2141 1741 2208 suis
1797 2141 2202 2235 principibus
2223 2195 2242 2229 ,
2279 2145 2392 2237 qui

274 2242 588 2331 dicerent,
616 2245 893 2334 AEduos‚
921 2269 958 2312 a
988 2246 1247 2315 Caesare
1284 2246 1351 2312 in
1389 2247 1769 2313 servitutem
1805 2245 2136 2333 redactos,
2162 2272 2391 2317 omnes

268 2349 683 2445 indignitates
707 2350 1263 2445 contumeliasque
1285 2350 1598 2445 perferre,
1616 2366 1682 2419 et
1705 2350 1790 2419 ab
1813 2350 2039 2420 AEduis
2057 2351 2390 2440 defecisse,

265 2469 333 2523 et
382 2456 635 2551 populo
688 2481 964 2527 romano
1022 2455 1266 2526 bellum
1318 2456 1663 2526 intulisse.
1711 2458 1825 2551 qui
1884 2457 2079 2549 hujus
2140 2458 2391 2527 consilii

265 2565 596 2659 principes
640 2563 914 2634 fuissent
937 2563 1168 2659 ‚quod
1210 2561 1647 2660 intelligerent
1693 2579 2007 2658 quantam
2069 2561 2392 2634 calamita·

265 2683 395 2738 tem
432 2672 685 2739 civitati
727 2670 1130 2758 intulissent,
1166 2672 1233 2738 in
1272 2671 1676 2739 Britanniam
1736 2670 2121 2764 profugisse.
2161 2673 2391 2740 Petere

264 2801 397 2845 non
440 2774 701 2846 solnm²
732 2776 1111 2846 Bellovacos
1132 2828 1151 2862 ,
1181 2775 1294 2845 sed
1336 2777 1532 2844 etiam
1576 2801 1699 2869 pro
1728 2775 1829 2845 his
1860 2775 2107 2845 AEduos
2127 2829 2146 2863 ,
2168 2792 2243 2846 ut
2272 2803 2392 2847 sua

261 2880 615 2951 clementia
653 2907 730 2952 ac
771 2881 1270 2951 mansuetudine
1308 2883 1376 2949 in
1405 2907 1517 2950 eos
1538 2896 1780 2949 utatur.
1806 2881 2009 2969 Quod
2044 2882 2098 2950 si
2132 2883 2387 2970 fecerit,

262 2988 635 3057 AEduorum
679 2989 1136 3058 auctoritatem
1181 2988 1357 3082 apud
1398 3012 1627 3058 omnes
1683 2985 1915 3104 Belgas
1957 2985 2388 3079 amplificatu-

264 3120 455 3163 rum:
491 3119 777 3189 quorum
823 3092 1075 3163 auxiliis
1126 3109 1321 3188 atque
1363 3093 1637 3188 opibus,
1665 3093 1718 3160 si
1760 3116 1891 3185 qua
1933 3089 2103 3159 bella
2147 3093 2388 3161 incide-

265 3204 429 3288 rint,
460 3186 872 3269 sustentare³
900 3202 1295 3270 consuerint.
1350 3228 1385 3264 »

369 3309 523 3375 XV.
574 3309 798 3376 Caesar
837 3307 1106 3376 honoris
1148 3302 1504 3374 Divitiaci¹
1544 3318 1738 3398 atque
1783 3302 2149 3372 AEduorum
2195 3329 2391 3374 causa

348 3509 400 3543 2.
428 3490 843 3561 Bmtuspantium.
872 3488 942 3542 V.
973 3484 1091 3540 Ind.
1113 3505 1289 3558 geogr.

268 3568 333 3621 ad
363 3570 501 3621 hanc
526 3587 729 3623 vocem.

344 3643 477 3701 Cu.
494 3648 647 3701 xlv,
670 3667 693 3700 1
706 3689 719 3700 .
736 3647 954 3700 Adeunt.
980 3647 1061 3699 Sc.
1077 3644 1144 3698 ad
1156 3639 1287 3699 Caes.

351 3747 405 3780 2:
434 3729 608 3780 Petere
651 3746 747 3779 non
786 3727 951 3780 solum.
993 3723 1128 3778 Edd.
1162 3737 1289 3778 vett.

268 3807 513 3859 Proetena
534 3819 723 3878 petere,
754 3825 872 3878 quae
900 3806 1052 3858 lectio
1078 3824 1187 3857 non
1216 3816 1293 3856 est

266 3888 476 3958 vulgata
496 3885 748 3951 deterior,
773 3886 845 3938 ait
872 3885 1047 3938 Davis.
1076 3903 1197 3936 nam
1224 3880 1290 3935 nd

267 3967 423 4018 aliam
441 3968 629 4020 transit
651 3967 915 4018 rationem
932 3983 1028 4018 cur
1048 3960 1291 4016 servandi

268 4048 375 4099 sint
402 4045 681 4100 Bellovaci.
694 4048 896 4099 Vocem
912 4054 1147 4115 pra-terea
1170 4060 1291 4095 nos-

270 4126 338 4178 tri
368 4123 526 4178 codd.
554 4144 665 4178 non
690 4136 994 4198 agnoscunt.

354 4205 408 4258 3.
440 4204 731 4258 Sustentare.
763 4203 927 4258 AEdui
951 4221 983 4255 a
1007 4200 1176 4273 Belgis
1200 4218 1292 4253 au-

268 4281 458 4336 xilium
503 4298 684 4358 petere
737 4285 973 4341 solebant
987 4320 1005 4349 ,
1034 4294 1095 4336 ut
1145 4299 1293 4353 pares

386 4367 445 4434 I.

1377 3497 1548 3539 essent
1568 3485 1624 3537 in
1644 3485 1785 3539 bello
1807 3483 2068 3557 gerend03
2091 3485 2164 3539 ait
2189 3487 2388 3541 Morus.

1456 3566 1585 3619 Csr.
1619 3565 1741 3618 XV.
1783 3584 1832 3618 1.
1868 3564 2037 3618 Coesar
2073 3566 2262 3618 honoris
2297 3568 2392 3618 Dc·-

1379 3649 1563 3707 vitc‘aci,
1591 3656 1678 3696 etc.
1711 3645 1912 3710 Caesar,
1933 3644 2037 3698 hoc
2064 3645 2212 3711 loce,
2234 3665 2392 3699 unam

1375 3725 1635 3777 rationem
1661 3736 1714 3775 et
1736 3736 2002 3795 patentem
2027 3724 2180 3777 affert
2207 3724 2262 3776 in
2282 3744 2393 3779 me·

1378 3802 1560 3868 dium,
1598 3822 1695 3854 cur
1762 3804 2063 3856 Bellovacos
2128 3816 2393 3872 servaret3

1378 3881 1470 3936 sed
1500 3895 1551 3935 et
1581 3894 1694 3935 erat
1730 3882 1830 3935 alia
1872 3883 2128 3936 occultior
2165 3900 2179 3937 ε
2215 3883 2394 3938 civitas

1377 3962 1520 4015 enim
1538 3962 1963 4028 Bellovacorum,
1978 3980 2037 4013 ea
2051 3975 2161 4014 erat
2174 3962 2399 4015 anctori-

1378 4053 1482 4094 tate
1496 4080 1514 4106 ‚
1532 4053 1593 4093 ut
1607 4041 1650 4094 si
1668 4039 1996 4094 clementiam
2019 4043 2130 4113 ejus
2141 4042 2245 4095 late
2261 4061 2397 4113 prae·

1379 4119 1577 4174 dicaret
1590 4158 1607 4187 ,
1642 4134 1756 4173 tum
1801 4121 1950 4174 facile
1997 4120 2189 4192 reliqui
2227 4122 2399 4193 Belga

1379 4219 1591 4272 quoque
1601 4201 1656 4252 in
1667 4198 1990 4253 deditionem
1998 4200 2257 4269 venirent,
2265 4205 2401 4273 ejus-

1380 4297 1482 4351 que
1512 4278 1638 4334 fidei
1664 4299 1773 4336 sese
1796 4280 2180 4352 permitterent.
