3111 5147
763 556 904 643 148
1066 556 1143 625 C.
1198 553 1477 623 JULII
1535 548 1999 621 CAESARIS
2053 548 2598 631 COMMENT.

750 687 1199 784 rapiditatem,
1237 670 1812 777 altitudinemque⁴
1847 683 2165 769 fluminiS‚
2188 696 2411 752 tamen
2449 684 2516 753 id
2555 685 2677 755 sibi
2719 712 2867 757 con-

749 794 1189 880 tendendum,
1222 807 1338 861 aut
1365 790 1554 860 aliter
1579 814 1715 859 non
1744 788 2302 859 transducendum
2323 791 2684 860 exercitum
2713 797 2867 864 exis·

747 902 1039 971 timabat.
1074 901 1425 969 Rationem
1460 898 1661 991 igitur
1690 897 1909 990 pontis
1942 895 2116 965 hanc
2147 896 2438 964 instituit.
2475 899 2687 992 Tigna
2725 899 2872 969 bina

747 992 1256 1103 sesquipedalia⁵
1262 1058 1281 1092 ,
1305 1003 1576 1099 paulum
1607 1003 1732 1071 31)
1715 1028 1849 1070 uno
1877 986 2268 1097 praeacutaffi
2291 1002 2585 1072 dimensa
2621 1004 2705 1073 ad
2745 1005 2874 1074 alti·

746 1112 1080 1183 tudinem⁷
1106 1111 1426 1199 fluminis,
1456 1107 1801 1178 intervallo
1840 1107 2085 1204 pedum
2125 1106 2411 1177 duorum
2441 1111 2612 1178 inter
2641 1135 2711 1179 se
2734 1111 2875 1203 jun·

748 1219 960 1315 gebat.
996 1221 1155 1287 Haec
1196 1241 1402 1311 quum
1442 1214 2083 1284 machinationibus
2065 1215 2353 1284 immissa
2378 1216 2447 1283 in
2478 1215 2723 1285 flumen
2763 1217 2873 1287 de-

746 1325 1013 1411 fixerat,
1054 1308 1467 1416 fistucisque⁸
1495 1321 1840 1417 adegerat,
1863 1346 2001 1390 non
2040 1319 2339 1390 sublicae⁹
2369 1321 2572 1391 modo
2611 1321 2876 1393 derecta

747 1430 832 1500 ad
877 1427 1456 1526 perpendiculum,
1489 1427 1604 1498 sed
1649 1452 1859 1523 prona
1900 1451 1980 1497 ac
2020 1427 2360 1521 fastigata,
2392 1442 2468 1496 ut
2511 1429 2874 1499 secundum

747 1552 1052 1606 naturam
1096 1535 1380 1605 fluminis
1413 1534 1966 1629 procumberent:
2005 1535 2079 1602 iis
2117 1534 2276 1602 item
2318 1536 2648 1604 contraria
2685 1535 2873 1623 bina,

745 1643 829 1713 ad
875 1642 1184 1773 eumxdem
1235 1641 1508 1711 modum
1553 1641 1828 1733 juncta,
1878 1637 2222 1709 intervallo
2289 1640 2532 1734 pedum
2594 1640 2872 1735 quadra-

745 1747 1042 1846 genum¹
1048 1747 1218 1835 ’,31)
1252 1746 1557 1815 inferiore
1597 1760 1817 1840 parte,
1854 1761 2086 1814 contra
2133 1746 2270 1813 vim
2320 1760 2517 1840 atque
2557 1748 2871 1842 impemm

744 1856 1033 1924 fluminis
1077 1875 1397 1921 conversa
1446 1849 1792 1919 statuebat.
1847 1853 2008 1918 Haec
2055 1864 2334 1943 utraque
2383 1853 2650 1946 insuper
2694 1853 2870 1949 bipe-

743 1958 1000 2030 dalibus
1034 1957 1373 2027 trabibus
1356 1957 1688 2045 immissi3‚
1709 1969 2030 2050 quantum
2060 1980 2293 2025 eorum
2326 1957 2658 2052 tignorum
2692 1959 2872 2052 junc-

829 2185 886 2243 4.
911 2179 1338 2250 Αἱτίιυάίηωιιᾳαε.
1365 2177 1489 2230 Non
1508 2177 1680 2230 solum
1699 2174 1768 2230 de

740 2259 975 2325 excelse,
999 2257 1093 2313 sed
1112 2257 1181 2311 de
1209 2255 1482 2330 profundo
1509 2255 1726 2310 dicitur.

828 2340 882 2394 5.
920 2337 1297 2412 Sesquipedalia.
1334 2334 1491 2390 Pedis
1519 2335 1680 2388 unius
1699 2332 1767 2400 ἐς

745 2417 814 2472 ad
842 2417 1240 2473 crassitudinem
1267 2415 1426 2469 refer.

828 2502 883 2552 6.
902 2497 988 2550 Ab
1004 2500 1371 2566 imopraeacuta.
1384 2496 1467 2546 An
1481 2493 1627 2547 ferro
1637 2513 1769 2566 pro-

743 2578 888 2631 fixo?
911 2577 1159 2641 minime,
1195 2572 1386 2639 credo,
1425 2571 1519 2627 sed
1549 2573 1768 2632 sortasse

742 2658 888 2727 ligno
902 2667 1131 2727 praeusto
1144 2655 1201 2706 in
1225 2653 1446 2706 sormam
1469 2655 1767 2722 mucronis,

743 2755 855 2809 quo
882 2734 1085 2788 facilius
1107 2734 1279 2787 solum
1304 2746 1623 2805 penetraret.

828 2835 882 2886 7.
914 2816 1148 2866 Dimema
1175 2814 1247 2865 ad
1270 2813 1588 2867 altitudinem.
1621 2813 1766 2867 Lon·

742 2894 890 2966 giora
910 2894 994 2947 vel
1010 2894 1282 2959 breviora,
1299 2907 1461 2965 prout
1475 2893 1632 2947 altior
1649 2894 1769 2947 bre·

741 2975 927 3028 viorve
954 2988 1088 3028 esset
1116 2973 1350 3027 fluminis
1383 2974 1576 3027 alveus.
1617 2975 1766 3027 Atta·

743 3072 870 3107 men
892 3056 1176 3127 surgebant
1203 3066 1348 3122 extra
1372 3052 1569 3107 flumen
1585 3090 1603 3118 ,
1633 3053 1763 3107 alio·

744 3135 876 3205 quin
905 3135 1040 3189 nulli
1068 3133 1189 3187 usui
1216 3145 1387 3186 essent
1408 3133 1604 3187 futura.

827 3217 859 3268 8
868 3255 881 3267 .
892 3215 1121 3267 Fiseucis.
1136 3212 1344 3266 Fistuca
1356 3214 1644 3283 generatim
1657 3231 1765 3265 ms-

743 3291 901 3346 china
919 3312 1023 3363 qua
1038 3292 1146 3364 pali
1166 3290 1493 3353 tunduntur,
1515 3293 1588 3344 ita
1601 3304 1661 3345 ut
1687 3292 1762 3344 al-

745 3372 850 3425 tius
898 3372 1191 3444 infigantur
1233 3371 1346 3423 solo
1365 3408 1381 3435 ,
1431 3384 1523 3422 aut
1563 3369 1763 3442 lapides

742 3451 802 3503 in
814 3452 901 3505 via
916 3453 1064 3505 strati
1077 3450 1503 3521 complanantur-3
1516 3448 1641 3503 inde
1652 3449 1761 3503 duo

743 3529 1049 3585 fistucamm
1072 3548 1278 3603 genera.
1308 3529 1439 3582 Aliae
1467 3527 1533 3581 ed
1562 3527 1762 3601 lapides

741 3629 835 3664 seu
848 3612 1148 3683 pavimenta
1162 3606 1543 3680 complananda
1560 3646 1577 3674 ,
1602 3628 1762 3662 manu

741 3691 949 3763 opificis
977 3692 1257 3744 sublevatas
1277 3701 1332 3741 et
1348 3689 1613 3753 immissae,
1631 3708 1761 3761 quas

741 3783 934 3824 vocant
946 3771 1262 3831 deminum
1285 3768 1396 3821 aliae
1420 3768 1672 3822 trochleis
1691 3770 1762 3823 le·

741 3863 899 3916 vatae,
935 3864 989 3903 et
1020 3869 1204 3904 rursus
1234 3848 1470 3902 demissae
1495 3847 1551 3901 in
1579 3849 1756 3921 palos,

742 3949 871 4002 quas
877 3944 1068 3985 vocant
1080 3943 1308 3984 montom.
1319 3929 1434 3995 His,
1449 3941 1510 3982 ut
1520 3942 1757 4001 apparet,

741 4028 866 4063 usus
888 4024 967 4064 est
995 4012 1183 4065 Caesar.

822 4107 879 4158 9.
917 4089 1142 4144 Sublicoe.
1188 4091 1346 4142 Picus:
1386 4090 1419 4141 ὰ
1454 4090 1666 4140 soutem‘r
1693 4106 1758 4140 un

733 4180 878 4239 pout,
886 4170 1069 4239 piloris.
1086 4170 1373 4222 Necessitas
1387 4166 1635 4222 vincendi
1647 4167 1758 4219 vim

741 4245 976 4302 fluminis
995 4250 1053 4301 in
1069 4247 1760 4318 causaerat,curhoctigne

1853 2175 1981 2229 hinc
2004 2188 2059 2229 et
2075 2174 2201 2229 inde
2223 2192 2336 2229 non
2358 2174 2587 2245 directa,
2610 2178 2704 2233 sed
2715 2198 2870 2251 pruna

1853 2269 1907 2308 et
1910 2256 2225 2327 fasttgatam
2238 2252 2460 2310 modum
2476 2257 2665 2329 fastigii
2684 2272 2865 2314 essent.

1852 2367 1935 2378 —
1950 2335 2216 2389 Secmadum
2250 2347 2472 2389 naturam
2485 2339 2728 2409 staminas.
2759 2338 2869 2393 Hoc

1852 2413 2251 2468 Gallidicunt:
2289 2416 2419 2468 selon
2456 2415 2687 2486 lefilde
2724 2419 2866 2471 l'eau.

1852 2493 2036 2547 Nostri
2064 2493 2271 2547 codices
2297 2513 2440 2567 regg.
2467 2498 2576 2565 jam
2606 2496 2753 2551 citati
2777 2497 2868 2551 hs·

1850 2575 2016 2627 beat·
2002 2616 2016 2628 .
2048 2595 2144 2627 non
2172 2573 2369 2628 sublim
2406 2577 2545 2628 modo
2576 2577 2778 2630 derecta
2805 2579 2873 2630 ad

1846 2655 2247 2725 perpendiculum,
2264 2655 2353 2707 sed
2353 2675 2524 2727 pronoe
2534 2659 2866 2728 acsastae'gatoe,

1852 2746 1919 2797 ut,
1935 2746 2026 2787 etc.
2036 2734 2105 2786 Et
2115 2752 2231 2787 eam
2239 2734 2519 2788 lectionem
2529 2738 2846 2808 praetulerim
2853 2778 2870 2792 .

1849 2814 1998 2866 -F
1993 2818 2223 2884 astigata,
2242 2815 2611 2886 wlfastc'gatoe‚
2640 2836 2752 2871 non
2763 2819 2870 2886 sas*

1853 2896 2045 2963 tige'ata.
2071 2893 2212 2947 Hinc
2224 2895 2487 2965 fastigatio
2499 2934 2514 2959 ,
2544 2897 2756 2950 verbale
2777 2916 2871 2951 no-

1849 2991 1991 3027 men.
2009 2973 2149 3028 Plin.
2175 2992 2320 3039 xvu,
2344 2993 2391 3028 c.
2417 2980 2486 3038 ²4
2505 2994 2521 3029 :
2539 2974 2868 3030 Calantica-

1849 3057 1978 3106 cutt'o
2005 3053 2258 3105 medullam
2282 3074 2342 3105 ne
2363 3054 2542 3117 nudet5
2560 3059 2694 3107 tenui
2714 3069 2870 3108 tamen

1835 3131 2014 3201 fistula
2037 3134 2264 3204 detegam
2288 3145 2344 3185 ut
2354 3135 2617 3204 fastigatio
2644 3136 2738 3188 levi
2758 3136 2868 3188 des-

1848 3212 2022 3264 cendat
2041 3231 2209 3274 cuneo,
2238 3212 2389 3265 tribus
2415 3233 2512 3266 non
2537 3214 2765 3285 ampliore
2787 3215 2869 3266 de’-

1845 3295 1983 3360 gitis.
1996 3323 2079 3334 —
2091 3292 2159 3344 Et
2170 3293 2330 3364 paulo
2345 3292 2485 3346 infra
2501 3296 2705 3365 ἤματα.
2725 3292 2867 3348 cod.

1851 3372 2003 3441 5763
2032 3373 2240 3441 juncta,
2233 3392 2246 3405 ·
2275 3373 2407 3425 alter
2441 3393 2568 3426 vero
2605 3373 2867 3442 disjuncta.

1846 3450 2011 3514 Quasi
2034 3450 2138 3503 hoc
2160 3453 2454 3545 composito
2479 3454 2647 3507 Cam
2667 3453 2869 3506 intelli-

1843 3547 1967 3622 ¹gere
2016 3530 2295 3597 voluisset,
2315 3551 2378 3594 ,se
2425 3533 2498 3585 ita
2549 3533 2675 3586 hina
2719 3532 2870 3605 tigna

1842 3608 2104 3679 junxisse,
2133 3623 2195 3662 ut
2223 3623 2399 3665 tamen
2421 3612 2698 3665 intervallo
2726 3610 2866 3666 duo·

1845 3706 1968 3741 rum
2003 3687 2202 3760 pedum
2242 3688 2527 3758 distaoent,
2558 3692 2640 3745 uti
2682 3692 2870 3745 scribit

1844 3786 2005 3840 supra
2032 3781 2086 3821 et
2114 3788 2257 3823 mox.

1933 3866 2021 3901 10.
2051 3848 2428 3920 Quadmgenum
2445 3850 2625 3922 pedam
2652 3849 2714 3902 ab
2744 3851 2870 3918 inj'e-

1844 3930 2145 3998 rim-epatre.
2169 3927 2236 3981 ld
2264 3942 2371 3995 est,
2402 3949 2431 3983 a
2472 3929 2642 3984 fundo
2672 3931 2729 3982 in
2754 3948 2871 4001 quo

1844 4006 2220 4079 deligebantur.
2236 4009 2303 4062 In
2318 4012 2490 4082 capite
2503 4024 2678 4064 autem
2697 4010 2876 4082 quod-

1843 4106 1967 4141 nam
1992 4101 2104 4141 erat
2131 4089 2402 4159 spatium?
2424 4090 2458 4142 J
2464 4130 2477 4143 .
2508 4091 2718 4163 Lipdus
2746 4091 2879 4146 vult

1842 4169 2103 4239 trigenum
2119 4165 2342 4239 pedum,
2354 4170 2603 4241 ἀναλόγως
2613 4207 2632 4237 ,
2643 4167 2738 4226 sed
2751 4171 2879 4227 sine

1842 4261 1986 4302 certa
2003 4248 2228 4303 ratione.
