3111 5147
615 450 906 549 *154*

1012 464 1090 542 C.
1145 463 1427 531 JULII
1483 461 1950 531 CAESARIS
2006 460 2553 540 COMMENT.

693 595 996 667 obsidum
1026 619 1380 665 numerum
1404 595 1703 689 imperat.
1730 594 1992 683 Quibus
2022 592 2356 684 adductis,
2378 619 2492 665 eos
2523 596 2591 665 in
2622 594 2814 668 fidem

693 704 957 798 recepit.
999 702 1298 774 Navibus
1347 702 1608 774 circiter
1646 703 1907 770 LXXX
1923 698 1943 726 ²
1969 702 2283 771 onerariis
2306 686 2330 726 ³
2368 705 2613 775 coactis
2665 730 2814 774 con·

690 811 1080 904 tractisque,
1107 823 1273 904 quot
1300 811 1454 880 satis
1493 833 1633 877 esse
1668 808 1752 878 ad
1783 807 1946 878 duas
1968 809 2506 903 transportandas
2535 807 2815 906 legiones

690 916 1135 1004 existimabat,
1160 915 1476 1012 quidquid
1525 930 1842 1010 praeterea
1892 917 2158 986 navium
2200 903 2585 1011 longarum⁴
2620 917 2814 987 habe·

692 1021 840 1111 bat,
867 1024 1196 1112 Quaestori
1213 1077 1232 1111 ,
1253 1023 1518 1119 Legatis
1532 1076 1553 1111 ,
1585 1022 2044 1117 Praefectisque
2073 1021 2419 1092 distribuit.
2452 1026 2602 1092 Huc
2636 1048 2815 1095 acce·

691 1127 937 1198 debant
951 1131 1191 1198 XVIII
1207 1131 1523 1200 onerariae
1557 1153 1793 1220 naves,
1815 1154 1960 1225 quae
1990 1154 2071 1198 ex
2099 1154 2180 1199 eo
2214 1126 2363 1198 loco
2389 1114 2511 1197 ab⁵
2535 1128 2818 1200 millibus

691 1259 1004 1328 passuum
1043 1238 1214 1305 VIII
1248 1252 1449 1306 vento
1489 1236 1918 1323 tenebantur,
1950 1262 2086 1332 quo
2127 1236 2342 1305 minus
2393 1237 2462 1304 in
2514 1235 2816 1307 eumdem

689 1355 960 1434 portum
1011 1346 1355 1438 pervenire
1398 1358 1685 1440 possent.
1731 1346 1870 1413 Has
1906 1343 2234 1438 equitibus
2277 1341 2639 1432 distribuit3
2674 1342 2817 1412 reli·

690 1472 897 1541 quum
920 1451 1280 1521 exercitum
1297 1452 1383 1541 Q.
1402 1452 1658 1522 Titurio
1678 1451 1926 1520 Sabino
1945 1464 2015 1519 et
2034 1452 2109 1519 L.
2134 1448 2582 1519 Aurunculeio
2609 1452 2818 1520 Cottae

691 1551 952 1649 legatis,
984 1557 1055 1624 in
1109 1558 1455 1654 Menapios
1500 1573 1699 1654 atque
1751 1559 1822 1626 in
1859 1581 1973 1627 eos
2005 1553 2211 1653 pagos
2256 1557 2709 1645 Morinorum,
2737 1555 2817 1625 ab

689 1661 926 1754 quibus
965 1663 1050 1732 ad
1090 1689 1243 1733 eum
1285 1663 1481 1758 legati
1519 1689 1659 1733 non
1697 1649 2077 1752 venerant⁶,
2097 1662 2594 1733 deducendum⁷
2621 1661 2815 1732 dedit.

690 1768 758 1834 Ρ.
809 1767 1160 1864 Sulpitium
1214 1769 1467 1839 Rufum
1489 1755 1512 1794 ⁸
1554 1769 1845 1866 legatum
1874 1823 1894 1860 ,
1925 1796 2081 1841 cum
2125 1795 2206 1839 eo
2257 1769 2590 1865 praesidio,
2642 1767 2818 1864 quod

583 1915 592 1928 ·
688 1873 843 1942 satis
882 1898 1024 1944 esse
1063 1876 1507 1944 arbitrabatur
1523 1930 1542 1965 ,
1572 1891 1844 1971 portum
1875 1892 2101 1947 tenere
2134 1877 2342 1969 jussit.

795 1982 1055 2049 XXIII.
1093 1983 1213 2050 His
1253 1984 1624 2052 constitutis
1655 1983 1889 2072 rebus,
1911 1998 2145 2053 nactus
2175 1981 2480 2054 idoneam
2514 1980 2601 2050 ad
2638 1982 2817 2050 navi·

783 2182 834 2217 α.
885 2164 1102 2217 Navibus
1145 2167 1333 2217 circiter·
1375 2184 1551 2218 xxxx.
1601 2166 1709 2217 Alii

687 2260 982 2306 nocem,
1012 2262 1194 2297 errore
1225 2245 1519 2298 manifesto.
1548 2244 1708 2296 Oros.

686 2311 808 2378 &m
834 2336 1018 2377 nostro
1055 2325 1335 2378 consentit.
1375 2325 1594 2414 Grpcus
1625 2323 1710 2375 in·

686 2415 889 2473 terpres
905 2399 1228 2474 ὀγδοήκοντα.
1246 2402 1382 2457 Cod.
1405 2421 1515 2474 reg.
1535 2403 1711 2473 5764,

687 2500 824 2536 mcxx
848 2501 865 2549 ;
898 2483 1030 2536 alter
1059 2502 1189 2536 vero
1220 2482 1250 2536 5
1259 2483 1369 2554 763
1387 2520 1404 2550 ,
1426 2485 1709 2553 octingentis

684 2566 945 2632 octoginta.

770 2643 821 2695 3.
850 2641 1120 2696 Onerat-iic.
1144 2641 1416 2696 Onerat-iai
1432 2661 1592 2696 naves
1609 2661 1707 2715 op·

609 2732 619 2743 ‘
683 2734 963 2793 ponuntur
999 2722 1188 2794 longis.
1233 2722 1328 2774 11ae
1362 2723 1519 2777 utiles
1557 2736 1709 2776 erant

683 2801 827 2854 bello
840 2839 858 2866 ,
869 2802 1062 2873 passim
1079 2802 1324 2868 biremes,
1338 2817 1428 2856 aut
1446 2804 1706 2870 triremes,

684 2892 776 2933 aut
825 2882 1069 2954 pluribus
1112 2901 1382 2936 remorum
1427 2882 1707 2937 ordinibus

683 2961 953 3015 instructa:
962 3000 979 3027 ,
989 2975 1147 3034 atque
1158 2961 1290 3016 adeo
1302 2964 1566 3017 celeritate
1577 2981 1709 3035 proe-

683 3042 919 3109 stabant5
945 3043 1049 3096 illm
1084 3061 1298 3116 capaces
1328 3055 1539 3097 tantum
1565 3061 1705 3096 mer·

683 3139 846 3187 cmm,
869 3137 1342 3188 armamentorum,
1362 3125 1707 3188 sarcinarum,

684 3201 949 3274 pleraeque
980 3203 1095 3255 sine
1122 3203 1443 3275 remigibus,
1472 3215 1565 3256 aut
1589 3216 1706 3256 tan·

680 3292 798 3332 tnm
811 3299 934 3333 cum
953 3282 1294 3352 paucioribus
1307 3320 1325 3347 ‚
1338 3284 1551 3336 classem
1565 3302 1705 3354 pone

679 3362 1052 3431 sequebantur.

763 3447 816 3503 4.
828 3440 1037 3493 Navium
1048 3440 1318 3511 longam.
1330 3440 1381 3494 Ν
1383 3460 1502 3495 aves
1513 3443 1704 3513 longae,

679 3520 875 3591 proeliis
915 3533 1050 3592 aptae
1064 3557 1082 3585 ,
1103 3520 1335 3592 legiones
1376 3520 1703 3575 deferebant.

680 3599 877 3654 Groecis
900 3599 1068 3671 μακρὰ
1098 3605 1265 3655 πλοῖα.

764 3681 816 3734 5.
845 3680 949 3735 Ab.
973 3681 1038 3734 In
1069 3681 1250 3734 multis
1288 3679 1444 3735 codd.
1478 3692 1532 3733 et
1578 3679 1701 3735 edd.

679 3756 827 3814 deest
851 3762 941 3824 ab,
969 3773 1025 3814 et
1053 3761 1225 3833 reipsa
1251 3764 1306 3815 τὸ
1334 3761 1397 3813 ab
1434 3761 1705 3833 ingratum

678 3841 910 3913 expungi
938 3840 1115 3896 debet.

760 3926 815 3975 6.
846 3922 930 3974 Ab
947 3923 1116 3997 quibus
1134 3924 1206 3975 ad
1222 3941 1326 3975 eura
1342 3923 1495 3992 legati
1505 3942 1603 3976 non
1619 3942 1706 3973 ὐε-

679 4013 865 4055 nerant.
901 4002 1093 4074 Magna
1125 4001 1380 4058 dissensio
1414 4015 1528 4056 erat
1564 4003 1705 4056 inter

678 4076 886 4145 Gallos,
909 4095 972 4135 nt
996 4083 1098 4137 boc
1126 4084 1248 4138 loco
1269 4097 1322 4137 et
1341 4082 1564 4136 infinitis
1588 4084 1703 4135 aliis

679 4171 907 4225 constat,
921 4180 1038 4233 qun
1059 4161 1276 4234 quidem
1291 4164 1469 4217 nimio
1483 4163 1701 4218 liberta·

1797 2165 1889 2230 tis,
1903 2177 1958 2219 et
1978 2164 2308 2237 reipublice,
2323 2167 2471 2236 cujus
2488 2164 2726 2218 membra
2743 2165 2818 2217 in·

1797 2254 1879 2298 ter
1894 2262 1949 2297 se
1964 2244 2066 2296 levi
2083 2242 2279 2297 foedere
2296 2256 2502 2298 tantum
2514 2257 2816 2312 nectuntur,

1796 2341 1932 2395 opus
1956 2335 2086 2377 erat.
2112 2322 2432 2395 Hujusmodi
2448 2324 2742 2396 respublica
2760 2325 2815 2378 in

1796 2416 2052 2456 consueto
2077 2422 2258 2457 rerum
2272 2423 2373 2457 usn
2387 2417 2466 2457 est
2489 2404 2613 2459 satis
2633 2404 2815 2470 simu

1795 2495 1978 2536 contra
2012 2484 2069 2536 in
2096 2484 2295 2555 magnis
2319 2497 2477 2555 atque
2498 2497 2644 2538 extra
2672 2482 2816 2537 ordi-

1793 2583 1917 2615 nem
1934 2564 2118 2636 positis
2136 2564 2431 2630 eventibus,
2444 2563 2814 2619 infirmissima.

1793 2642 2080 2697 Maximam
2090 2645 2250 2715 hujus
2257 2643 2490 2697 historia
2500 2658 2705 2716 partem
2716 2662 2815 2716 pro

1792 2726 2036 2796 exemplo
2076 2723 2289 2797 populis
2331 2724 2579 2777 omnibus
2617 2743 2813 2796 propo·

1791 2803 2022 2857 nendam
2044 2804 2304 2857 existimo.
2322 2804 2494 2857 Caesar
2509 2801 2817 2857 dissentien-

1790 2894 1870 2935 tes
1889 2883 2071 2937 Gallos
2090 2884 2249 2951 vicit,
2268 2901 2403 2954 quos
2424 2882 2714 2937 concordes
2737 2896 2815 2936 at·

1791 2981 1896 3033 que
1928 2964 2232 3029 unanimes,
2261 2981 2330 3017 ne
2361 2961 2573 3035 aggredi
2598 2962 2813 3035 quidem

1791 3042 1974 3097 fuisset
1998 3061 2169 3098 ausus.

1874 3143 1928 3194 7.
1956 3123 2299 3176 Deduc-endam
2321 3122 2472 3177 dedit.
2496 3123 2578 3174 Ita
2607 3120 2814 3177 codices
2866 3162 2885 3177 .

1788 3203 2044 3275 permulti
2069 3217 2122 3257 et
2148 3214 2330 3256 noster
2359 3205 2424 3256 R.
2451 3202 2620 3272 5764.
2650 3199 2811 3266 Quod

1789 3284 2024 3354 praetulit
2044 3281 2394 3354 Oudendorp.
2423 3283 2586 3336 fretus
2607 3280 2808 3353 quippe

1790 3379 1852 3415 ea
1875 3363 2130 3434 opinione
2154 3366 2210 3416 τὸ
2228 3363 2455 3415 deducere
2470 3362 2698 3415 caiaziam
2713 3361 2810 3413 ob·

1787 3442 1938 3495 vium
1963 3461 2092 3496 esse.
2109 3442 2294 3495 Malim
2320 3441 2609 3502 ducendum,
2633 3452 2693 3493 ut
2711 3440 2809 3493 ba·

1789 3523 1916 3575 bent
1934 3521 2171 3594 coda-eg.
2189 3524 2299 3592 576
2310 3524 2360 3588 3,
2370 3536 2422 3576 et
2436 3523 2524 3575 alii
2539 3520 2812 3593 permulti,

1789 3601 1938 3673 quia,
1952 3602 2007 3656 h.
2023 3603 2059 3656 l.
2073 3640 2090 3667 ,
2114 3600 2183 3655 de
2202 3603 2388 3655 colonia
2407 3600 2683 3654 deducenda
2700 3618 2810 3652 non

1788 3681 1991 3753 agitur,
2013 3680 2107 3735 sed
2140 3680 2209 3737 de
2241 3695 2392 3755 parte
2419 3682 2682 3735 exercitus
2715 3678 2812 3733 du·

1787 3760 1952 3815 cende
1961 3763 2017 3814 in
2028 3760 2362 3828 MorinQad
2369 3774 2578 3834 tempus
2583 3771 2808 3814 tantum.

1871 3845 1925 3897 8.
1954 3844 2018 3897 P.
2035 3842 2292 3915 Sulpitae'mn
2305 3843 2503 3910 Rufina.
2528 3838 2613 3894 Ad
2636 3839 2809 3905 hune,

1788 3935 1850 3975 ut
1870 3934 2105 3995 apparet,
2121 3921 2409 3994 sulpitium
2429 3933 2631 3994 spectat
2650 3938 2810 3972 num·

1788 4021 1907 4056 mus
1931 4022 1960 4055 a
1983 4003 2174 4056 Vossio
2198 4002 2387 4056 citatus
2401 4040 2419 4067 ,
2437 4002 2532 4073 qui
2549 4001 2606 4053 in
2628 4017 2807 4052 aversa

1785 4095 1937 4154 parte
1960 4083 2119 4136 habet
2139 4101 2328 4137 navem
2350 4101 2472 4135 cum
2493 4079 2807 4152 epigraphe,

1786 4164 1988 4219 norB.
2016 4167 2425 4219 zorannuoz
2457 4164 2635 4215 Poro.
