3111 5147
495 576 634 646 DE
689 576 1035 645 BELLO
1089 577 1589 647 GALLICO.
1647 579 1836 648 LIB.
1892 582 2062 650 vll.
2129 521 2136 537 υ
2218 581 2369 680 329

233 709 402 781 sidio
441 712 691 804 potitus
730 707 911 797 loco,
944 709 1109 783 duas
1139 710 1227 778 ibi
1258 707 1545 805 legiones
1581 709 1963 801 collocavit,
2000 713 2372 810 fossamque

232 815 567 911 duplicem
595 816 976 885 duodenum
1013 815 1256 910 pedum
1285 840 1324 885 a
1355 817 1715 910 majoribus
1744 823 1974 889 castris
2003 820 2088 890 ad
2116 824 2373 891 minora

227 922 571 1018 perduxit,
605 937 683 991 ut
720 936 866 992 tuto
901 923 988 991 ab
1024 925 1369 1018 repentino
1396 923 1686 993 hostium
1718 926 1988 996 incursu
2017 931 2214 997 etiam
2241 931 2370 998 sin-

235 1027 375 1124 guli
412 1053 787 1099 commeare
823 1044 1111 1123 possent.

341 1137 697 1205 XXXVII.
744 1138 926 1204 Dum
954 1136 1098 1204 haec
1127 1135 1211 1204 ad
1248 1137 1651 1231 Gergoviam
1688 1153 2010 1233 geruntur
2028 1194 2049 1227 ‚
2085 1142 2369 1210 Convic-

231 1239 525 1311 tolitanis
558 1241 810 1310 AEduus
829 1295 849 1328 ‚
880 1244 988 1311 cui
1023 1243 1479 1337 magistratum
1515 1244 1964 1337 adjudicatum
1988 1244 2006 1270 ¹
2039 1271 2079 1315 a
2114 1249 2373 1316 Caesare

232 1344 876 1417 demonstravimus²
880 1346 1323 1436 ,sollicitatus
1365 1348 1452 1416 ab
1487 1350 1803 1419 Arvernis
1853 1354 2175 1445 pecunia,
2219 1378 2371 1424 cum
2466 1347 2471 1353 ⁸

234 1453 632 1548 quibusdam
670 1453 1192 1524 adolescentibus
1224 1453 1653 1549 colloquitur,
1680 1481 1965 1551 quorum
2006 1473 2150 1527 erat
2190 1462 2369 1553 prin·

232 1584 393 1654 ceps
417 1546 795 1630 Ijtavicus³
800 1574 1048 1679 ‚atque
1077 1560 1217 1655 ejus
1247 1559 1480 1629 fratres
1494 1561 1936 1699 ,amplissima
1968 1561 2209 1633 familia
2236 1566 2376 1633 nati

235 1663 704 1736 adolescentes,
731 1669 947 1736 Cum
932 1670 1007 1735 iis
1032 1668 1375 1786 praemium
1406 1656 1892 1737 communicat⁴
1896 1669 2374 1788 ‚hortaturque

234 1796 387 1860 eos,
419 1801 456 1836 c<
492 1787 567 1842 ut
609 1798 677 1841 se
718 1772 958 1843 liberos
1000 1787 1067 1841 et
1105 1775 1382 1868 imperio
1425 1786 1617 1843 natos
1665 1776 2128 1844 meminerint:
2171 1800 2371 1845 unam

234 1902 380 1947 esse
422 1879 789 1948 AEduorum
834 1880 1197 1967 civitatem,
1237 1903 1384 1973 quae
1427 1882 1858 1949 certissimam
1901 1879 2129 1951 Galliae
2163 1884 2371 1951 victo-

235 1985 404 2053 riam
457 1970 831 2054 distineatff’·
814 1986 1013 2080 ‚ejus
1059 1987 1449 2055 auctoritate
1497 1984 1781 2080 reliquas
1828 1989 2193 2056 contineri·
2175 2012 2374 2082 ‚qua

234 2091 576 2178 traducta,
617 2038 838 2161 locuni
871 2092 1269 2161 consistendi
1305 2093 1626 2160 Romanis
1668 2093 1736 2159 in
1774 2091 1986 2162 Gallia
2013 2118 2149 2162 non
2189 2094 2369 2163 fore:

235 2221 384 2265 esse
429 2195 745 2268 nonnullo
788 2223 859 2267 se
902 2200 1180 2267 Caesaris
1214 2196 1534 2268 beneficio
1584 2197 1935 2286 affectum,
1978 2200 2070 2268 sic
2115 2213 2372 2287 tamen,

233 2316 320 2371 ut
365 2303 788 2395 justissimam
837 2303 1016 2399 apud
1075 2328 1227 2371 eum
1275 2328 1542 2373 causam
1597 2302 1998 2389 obtinuerit3
2051 2305 2167 2374 sed
2221 2304 2372 2400 plus

236 2411 577 2478 communi
613 2410 894 2479 libertati
936 2410 1270 2480 tribuere.
1302 2435 1424 2480 cur
1453 2412 1628 2479 enim
1664 2412 1883 2505 potius
1916 2410 2110 2480 AEdui
2138 2410 2220 2480 de
2251 2437 2371 2480 suo

229 2515 380 2611 jure
433 2529 503 2584 et
560 2515 644 2586 de
705 2516 957 2612 legibus
1017 2518 1103 2586 ad
1159 2520 1489 2589 Caesarem
1546 2502 2101 2612 disceptatorem⁶
2101 2570 2122 2606 ‚
2169 2541 2373 2613 quam
2454 2528 2458 2533 ’

317 2702 448 2754 Cu».
485 2701 772 2755 XXXVII.
809 2721 858 2755 ι.
896 2701 1260 2774 Adjudicatum.

242 2778 329 2834 ΑΙ.
352 2782 678 2851 adsignatum.

1349 2719 1508 2773 quem
1519 2701 1690 2755 nostri
1703 2701 1901 2756 faciunt
1912 2703 2193 2767 Ludovicus,
2205 2704 2368 2773 Leuis,

1349 2779 1407 2834 id
1437 2793 1515 2834 est
1530 2820 1547 2847 ,
1579 2783 1818 2851 refugium
1844 2795 1894 2834 et
1923 2785 2106 2854 asylum
2125 2783 2313 2855 populi.

327 2879 375 2914 a.
402 2862 859 2915 Damaso-«eima.
890 2861 1058 2933 Supra
1088 2880 1134 2915 c.
1167 2861 1261 2915 33.

324 2940 377 2993 3.
391 2942 650 2994 Litavicco.
671 2941 930 2993 Nummos
945 2943 1058 3013 ejus
1074 2938 1184 2992 duo
1200 2958 1264 2993 ex

241 3037 374 3072 auro
391 3020 597 3092 profert
618 3021 889 3073 Bouleroue
920 3019 1003 3072 des
1027 3025 1264 3072 monnas'es

241 3097 546 3161 deanee,
582 3118 637 3171 p.
684 3102 778 3164 48.
817 3095 1046 3153 Exhibet
1091 3118 1179 3151 eon
1211 3112 1265 3153 et

241 3177 589 3252 flavet-camp.
615 3178 683 3232 ad
715 3179 964 3232 Orosium
984 3218 1001 3245 ,
1031 3178 1068 3232 1.
1096 3197 1186 3245 vt,
1214 3197 1261 3233 c.

243 3275 321 3325 ιι,
348 3257 599 3331 additque
616 3260 832 3313 tertium
854 3279 916 3313 ex
941 3278 1037 3312 suo
1060 3277 1261 3311 museo.

241 3337 546 3411 Epigraphe
589 3339 666 3392 ibi
704 3339 936 3392 occurrit
968 3339 1153 3391 LITA.
1179 3338 1264 3392 vel

241 3417 514 3472 LITAVI.
543 3417 689 3490 quod
707 3437 848 3491 pone
870 3431 1030 3492 capnt
1053 3418 1265 3491 conspi-

241 3497 383 3550 citur
404 3498 449 3551 C
473 3511 624 3551 notat
641 3493 1013 3560 Cabillonum(
1028 3498 1264 3551 Chdlons·

242 3597 359 3629 sur-
375 3574 581 3641 Sam).
624 3578 834 3631 Priores
872 3577 981 3632 dno
1021 3596 1267 3631 nummos

241 3657 404 3711 offert
418 3659 577 3710 etiam
591 3657 817 3720 Pellerin,
830 3659 943 3712 Rec.
956 3677 976 3710 1
994 3658 1116 3724 ,tuh
1137 3676 1158 3711 1
1172 3677 1201 3710 2
1211 3665 1264 3722 4,

248 3739 304 3790 6.
337 3738 403 3789 In
426 3739 718 3808 posteriore
737 3750 911 3791 autem
941 3736 1265 3810 epigraphen

240 3816 483 3871 LITAV.
506 3835 783 3889 perperam
811 3818 866 3871 in
883 3817 1121 3870 LITAN.
1136 3834 1285 3878 cons.

245 3894 558 3950 vertendam
575 3898 756 3951 statuit
771 3937 786 3962 ,
801 3911 852 3950 et
866 3896 935 3950 de
946 3896 1264 3966 Litanobriga

243 3976 495 4048 explicat,
506 3978 657 4049 cujus
671 3977 874 4030 mentio
891 3978 946 4029 in
962 3977 1151 4030 itinere
1162 3978 1268 4027 An-

245 4056 436 4109 tonini.
465 4056 674 4111 enm
692 4058 828 4110 Just.
868 4057 1010 4127 Lips.
1037 4055 1265 4108 Poliorc.

243 4134 280 4187 l.
309 4153 359 4200 ι,
390 4133 514 4189 dial.
563 4156 614 4190 2.
647 4137 750 4190 hoc
787 4141 985 4189 nomen
1024 4136 1267 4187 Litavicus

243 4212 387 4267 idem
429 4233 542 4269 esse
588 4228 740 4287 putat
754 4256 771 4282 ,
809 4213 954 4288 quod
994 4227 1175 4287 postea
1207 4214 1268 4267 in

240 4295 408 4366 antiq.
440 4298 581 4348 Ann.
608 4297 884 4350 [anderius.
911 4296 1046 4349 Item
1062 4294 1266 4347 Lesdul-

238 4375 345 4437 fv,
367 4375 644 4447 Iaeydlculf,
670 4377 933 4447 Leuedulsus
948 4416 962 4440 ,
992 4375 1228 4446 Ludolsm
1241 4414 1260 4439 ,

1429 2867 1484 2925 4.
1495 2863 1754 2913 Praemium
1768 2867 2093 2916 oomeme’eat.
2109 2863 2371 2916 Nonnulli

1348 2939 1498 2993 MSS.
1515 2952 1570 2994 et
1581 2938 1702 2992 edd.
1722 2941 1906 3011 prisce
1918 2940 2116 2994 habent
2130 2946 2363 3011 primum,

1349 3038 1508 3091 quam
1537 3019 1819 3072 lectionem
1854 3018 2074 3072 Vossius
2108 3021 2246 3073 tueri
2278 3039 2369 3073 co·

1347 3112 1534 3164 natur,
1560 3117 1622 3150 ex
1652 3098 1940 3169 interprete
1984 3115 2182 3168 groco,
2213 3112 2267 3152 et
2303 3117 2370 3153 ex

1345 3178 1378 3230 J
1384 3178 1454 3230 ul.
1498 3177 1637 3231 Celsi
1666 3177 1855 3230 verbis.
1906 3176 2134 3249 Scaliger
2180 3191 2367 3231 contra

1349 3258 1611 3329 vulgatam
1641 3254 1880 3310 defendit
1895 3295 1911 3321 ‚
1937 3275 2055 3329 quae
2082 3256 2252 3329 reipsa
2276 3277 2371 3310 no·

1348 3338 1430 3390 bis
1461 3337 1639 3408 potior
1652 3335 1892 3403 videtui-3
1914 3355 2035 3390 nam
2050 3337 2223 3391 caum
2237 3356 2372 3410 pau-
2443 3352 2446 3357 ·

1348 3417 1403 3470 lo
1425 3417 1564 3471 infra
1583 3416 1713 3470 dicit
1731 3457 1747 3484 ,
1765 3417 2136 3469 adolescentibus
2156 3419 2369 3470 oratione

1348 3510 1399 3549 et
1417 3497 1621 3569 proenie'o
1647 3496 1879 3550 deductis.
1894 3497 2151 3550 Prmerea
2175 3497 2233 3549 in
2251 3515 2370 3549 nos-

1351 3577 1448 3630 tris
1471 3574 1628 3630 codd.
1661 3589 1826 3630 exstat
1846 3579 2113 3649 proemae‘um.

1433 3658 1483 3712 5.
1523 3657 1785 3710 Distineat.
1830 3657 2099 3719 Distinet-e,
2139 3656 2370 3709 solemne

1351 3737 1574 3788 verbnm
1599 3755 1682 3807 ap.
1718 3736 1847 3790 Cu.
1875 3755 1977 3809 pro
2000 3739 2199 3798 morari,
2221 3737 2366 3806 impe-

1350 3814 1479 3880 dire,
1499 3827 1591 3868 ex.
1623 3815 1758 3880 Alii,
1787 3816 2019 3878 detineat,
2044 3813 2163 3867 eod.
2182 3833 2366 3880 sensu,

1351 3892 1442 3948 sed
1464 3906 1648 3947 contra
1668 3912 1873 3946 morem
1888 3894 2121 3948 cesaris.
2141 3893 2369 3947 Pessime

1351 3986 1530 4027 noster
1560 3972 1682 4027 cod:
1709 3973 1857 4042 5763
1875 3973 2206 4038 ,ὡδὶ-νείκεα.
2238 3973 2370 4026 Orte

1351 4054 1489 4107 forte
1513 4053 1672 4105 lectio
1696 4072 1726 4104 a
1750 4071 1911 4105 mann
1927 4053 2202 4106 scribentis
2220 4054 2369 4124 prins

1351 4132 1486 4188 dem.
1503 4143 1682 4205 postea
1709 4131 1952 4185 distineat.

1433 4217 1486 4267 6.
1507 4214 1903 4284 Disceptatorem.
1920 4213 2061 4265 Bene
2086 4231 2151 4265 ex
2172 4213 2369 4268 nocuis

1351 4291 1507 4346 codd.
1552 4293 1643 4345 alii
1692 4292 1993 4364 corruptius
2028 4292 2363 4363 disceptaturi,

1351 4373 1676 4447 disceptum.
1712 4374 2048 4444 Disceptaeor‚
2082 4370 2368 4440 διαιτητὴς,
