3111 5147
559 549 698 618 DE
751 549 1094 619 BELLO
1149 550 1639 623 GALLICO.
1696 557 1885 628 LIB.
1942 562 2071 631 VI.

266 706 487 778 neque
547 682 881 752 sacrificiis
946 681 1214 751 student
1229 666 1272 749 ³.

1331 685 1629 755 Deorum
1683 714 1959 761 numero
1985 679 2011 725 ⁴

2248 564 2384 638 261

2052 719 2164 764 eos
2224 696 2400 768 solos

267 789 566 878 ducunt,
605 814 773 883 quos
815 804 1096 859 cernunt
1115 841 1134 877 ‚
1175 802 1243 858 et
1282 812 1567 883 quorum
1609 811 1833 888 aperte
1880 799 2116 894 opibus
2159 803 2398 896 javan.

271 965 441 1039 quiin
455 965 612 1019 certis
624 965 1001 1030 occasionibus,
1014 983 1106 1017 seu
1120 963 1294 1017 avium

273 1046 458 1099 volatu
477 1084 493 1110 ,
507 1063 599 1097 seu
612 1044 898 1097 coelestium
913 1064 1198 1117 corporum
1212 1044 1296 1096 in·

276 1125 581 1197 spectione,
613 1124 778 1176 aliave
805 1125 1039 1188 ratione,
1057 1125 1213 1177 nobis
1244 1136 1297 1177 et

277 1204 533 1260 Romanis
584 1205 764 1275 ignota
779 1242 797 1269 ,
844 1206 946 1258 rite
983 1217 1038 1257 et
1075 1205 1298 1259 feliciter

280 1283 475 1357 agendi
503 1283 722 1336 modum
750 1284 1166 1356 ρτωεοτὶὴετειιῑ.

370 1366 423 1418 3.
439 1365 606 1437 Neque
627 1363 873 1436 sect-{ficiis
888 1365 1093 1417 student.
1112 1365 1297 1437 Neque

279 1444 388 1498 hoc
421 1445 541 1497 loco
568 1440 764 1497 dicitur
807 1444 1099 1498 Germanos
1142 1447 1299 1517 plane

284 1525 443 1579 nullis
496 1522 763 1578 sacrificiis
805 1525 1299 1597 precationibusque

284 1605 361 1658 nti
383 1604 591 1669 solere;
615 1602 706 1656 sed
736 1623 825 1659 eos
847 1625 955 1659 non
982 1623 1299 1677 magnopere

289 1684 556 1738 sacrificiis
586 1684 666 1736 uti
678 1722 694 1749 ,
721 1704 830 1737 non
845 1686 1072 1739 multum
1089 1705 1149 1738 ac
1164 1703 1300 1756 soepe

285 1764 609 1829 sacrificare,
634 1765 712 1816 uti
732 1765 898 1831 infra,
918 1785 1031 1838 cap.
1071 1784 1139 1818 aa
1158 1802 1175 1830 ,
1197 1757 1302 1818 'ubi

289 1844 599 1914 agriculturoe
637 1863 732 1896 non
756 1846 945 1898 studere
958 1884 974 1911 ‚
1000 1864 1098 1916 per
1134 1846 1300 1915 ipsam

289 1924 368 1977 rei
380 1936 624 1977 naturam
639 1936 691 1976 et
703 1925 999 1989 historiam,
1016 1925 1174 1978 simili
1193 1943 1303 1977 mo·

289 2000 362 2056 do
386 2001 703 2075 capiendum
733 2016 811 2057 est
824 2042 841 2071 ,
859 2024 948 2058 eos
962 2024 1069 2057 non
1085 2023 1302 2076 magno·

289 2100 418 2154 pere
453 2080 657 2136 deditos
698 2102 809 2137 esse
846 2084 1192 2156 agricultura.
1224 2085 1305 2137 Ita

291 2161 496 2215 Morus.
529 2164 624 2229 At,
662 2181 779 2235 qun
814 2164 1013 2217 fixerint
1054 2163 1306 2217 sacrificia

291 2240 485 2313 quibus
519 2243 677 2313 prisci
710 2243 963 2296 Germani
999 2255 1306 2308 uterentur,

291 2339 510 2394 prorsus
544 2323 830 2394 ignoratur.
879 2323 1077 2376 Forsan
1130 2323 1307 2394 potius

291 2414 443 2454 erant
471 2401 811 2455 eucharistica
826 2415 879 2454 et
892 2401 994 2455 deo
1006 2402 1180 2454 oblata
1194 2419 1309 2453 mn-

292 2498 451 2546 nera‚
483 2494 542 2533 ut
579 2499 750 2546 arma,
793 2480 1016 2553 prodo,
1041 2494 1096 2534 et
1125 2481 1309 2553 hujus-

295 2558 443 2615 modi
474 2559 722 2627 donaria‚
738 2562 882 2615 velut
896 2562 1123 2616 victime
1147 2580 1309 2626 caese,

295 2659 423 2713 quas
434 2659 602 2713 quum
616 2642 789 2694 Caesar
799 2640 928 2695 caedi
946 2629 1060 2694 nori
1067 2640 1309 2707 vidisset,

296 2739 468 2792 neque
479 2721 579 2787 lac,
589 2721 794 2786 vinum,
805 2722 932 2786 liba,
940 2721 1116 2774 oleum
1128 2721 1313 2774 offerri

298 2797 430 2864 diis,
462 2796 557 2863 (ut
584 2801 836 2854 Romanis
860 2802 1111 2854 usitatum
1142 2797 1312 2866 erat),

298 2880 671 2953 pronunciavit
686 2880 977 2933 Germanos
990 2899 1099 2933 non
1118 2880 1316 2933 versari

298 2959 357 3012 in
386 2959 683 3023 sacrificiis,
711 2973 763 3012 et
792 2978 982 3012 eorum
1007 2960 1317 3051 religionem

299 3057 330 3091 e
372 3057 593 3091 romana
631 3039 884 3110 religione
922 3038 1211 3091 estimavit.
1251 3038 1320 3090 Et

302 3116 360 3170 id
373 3116 783 3210 quidemMorus
799 3120 897 3183 ait;
906 3118 1177 3171 mihivero
1190 3117 1321 3189 quid

305 3198 418 3270 ipse
438 3198 658 3251 sentiam
687 3198 892 3268 aperire
910 3198 985 3249 fas
1000 3198 1082 3250 sit.
1103 3185 1182 3249 Ex
1206 3215 1320 3250 om·

305 3277 489 3334 nibus,
500 3296 633 3348 qnos
645 3274 749 3329 adii
765 3277 996 3348 ,scriptt.
1015 3278 1324 3330 recentiori-

309 3358 439 3423 bus,
465 3357 602 3410 nihil
642 3356 778 3409 mihi
807 3368 1038 3422 certum,
1087 3357 1326 3429 nihilque

309 3436 469 3490 etiam
503 3436 779 3508 probabile
815 3436 933 3489 elici
965 3455 1117 3508 posse
1155 3438 1326 3490 visum

311 3528 415 3570 est:
431 3514 575 3588 apud
589 3533 773 3569 omnes
781 3534 949 3569 meras
959 3517 1194 3589 comperi
1207 3535 1330 3569 con·

308 3597 556 3688 jecturas.
594 3594 700 3647 Alii
723 3595 940 3649 Cosaris
967 3597 1331 3650 auctoritatem

311 3675 638 3747 rejicientes,
668 3685 723 3727 et
746 3674 991 3728 Tacitum
1018 3675 1210 3729 Caesari
1235 3675 1332 3728 ob·

311 3754 573 3824 jicientes,
594 3754 873 3808 Germanis
888 3753 1197 3826 religionem
1211 3771 1334 3807 cum

316 3833 428 3886 suis
457 3833 726 3887 sacrificiis
743 3833 1022 3906 ‚auspiciis
1046 3847 1201 3905 atque
1220 3852 1337 3886 om·

315 3913 375 3965 ni
394 3912 829 4005 superstitionum
855 3931 1045 3984 genere
1061 3911 1337 3967 addicunt·

319 3993 543 4046 numina
559 3992 687 4063 ipsis
703 3992 911 4063 fingunt
933 3993 1016 4044 vel
1033 3993 1344 4058 recentiora,

323 4072 408 4125 vel
425 4090 645 4143 prorsus
667 4072 998 4143 imaginaria,
1014 4072 1099 4124 vel
1115 4071 1229 4124 aliis
1245 4089 1343 4144 po·

322 4151 466 4222 pulis
479 4148 795 4204 tribuenda:
815 4151 905 4204 alii
919 4161 1102 4204 contra
1117 4151 1348 4205 strictius

327 4230 577 4283 Castris‘
561 4231 858 4285 insistentes
876 4230 1124 4301 vestigiis,
1138 4230 1348 4302 religio·

327 4326 454 4364 nem
511 4310 804 4365 naturalem
856 4322 911 4365 et
962 4308 1351 4381 propemodum

1380 964 1805 1040 philosophicam
1868 971 2056 1026 iisdem
2115 975 2402 1031 liberaliter

1382 1046 1740 1102 commodant.
1768 1049 1975 1104 Horum
2002 1056 2201 1107 neutris
2228 1075 2401 1110 assen-

1382 1126 1515 1190 tior,
1546 1139 1601 1179 et
1626 1125 1783 1182 dico:
1811 1132 2073 1201 primuni,
2107 1152 2204 1185 nec
2222 1137 2401 1189 'Caesa-

1381 1222 1496 1258 rem
1531 1226 1654 1261 cum
1700 1209 1888 1263 Tacito
1930 1230 2083 1283 posse
2125 1215 2357 1268 conferri
2383 1232 2401 1268 ε

1382 1286 1583 1358 quippe
1607 1289 1701 1359 qui
1725 1286 1934 1344 duobus
1960 1289 2213 1346 distantes
2238 1312 2403 1351 sacu-

1381 1365 1477 1430 lis,
1502 1384 1585 1418 res
1625 1379 1686 1418 ut
1728 1382 1878 1422 erant
1907 1372 2186 1442 separatim
2217 1385 2270 1426 et
2293 1393 2402 1428 res-

1381 1456 1540 1516 pectu
1564 1457 1861 1519 temporum
1878 1487 1894 1512 ‚
1914 1450 2232 1516 scribet-enm
2252 1452 2403 1507 dein-

1382 1523 1451 1577 de
1466 1562 1482 1589 ,
1513 1526 1808 1581 Germanos
1824 1566 1841 1593 ,
1870 1531 2197 1602 temporibus
2232 1533 2404 1586 Caesa-

1382 1604 1484 1670 ris,
1514 1606 1677 1659 veluti
1720 1608 1858 1661 feros
1902 1626 1962 1661 ac
2002 1610 2254 1665 nomadas
2271 1649 2289 1677 ,
2317 1612 2407 1667 vel

1383 1685 1563 1756 potius
1610 1686 1827 1740 omnino
1875 1688 2131 1743 silvicolas
2178 1691 2405 1762 populos

1384 1763 1723 1818 considerans
1735 1804 1752 1832 ,
1774 1767 1953 1839 quales
1968 1768 2097 1821 olim
2115 1783 2265 1822 erant
2281 1771 2411 1842 Scy-

1384 1845 1520 1909 than,
1550 1846 1793 1917 qualesve
1826 1845 1986 1899 hodie
2017 1850 2261 1903 novimus
2295 1868 2408 1905 esse

1388 1924 1601 1989 Africo,
1620 1920 1892 1991 Americae,
1903 1939 1955 1979 et
1967 1928 2290 1981 Australium
2300 1941 2407 1982 ter·

1373 2022 1567 2055 rarum
1585 2004 1806 2070 incolas,
1824 2006 2132 2078 religionem
2150 2008 2214 2061 iis
2229 2009 2407 2062 tribuo

1389 2081 1675 2155 quamdam
1690 2121 1706 2149 ,
1726 2083 1820 2137 sed
1846 2086 1895 2139 ei
1924 2105 2141 2158 prorsus
2161 2088 2413 2155 similem,

1389 2179 1546 2233 quam
1564 2162 1789 2217 dicimus
1802 2165 1846 2214 le
1860 2166 2099 2219 sabe'clsme.
2115 2166 2302 2220 Omnis
2324 2186 2410 2220 er-

1390 2260 1456 2312 go
1482 2241 1624 2312 apud
1650 2261 1740 2295 eos
1768 2243 1952 2315 religio
1970 2245 2027 2297 in
2055 2264 2119 2297 eo
2145 2247 2243 2299 sita
2269 2259 2410 2312 erat,

1391 2333 1450 2373 ut
1473 2322 1644 2384 solem,
1665 2322 1827 2373 lunam
1851 2336 1901 2374 et
1924 2328 2078 2393 ignem
2101 2322 2410 2393 adorarent;

1393 2419 1490 2453 nec
1520 2419 1655 2472 pure
1672 2414 1846 2455 tamen
1873 2404 2040 2456 veluti
2055 2416 2256 2457 natura
2278 2424 2412 2476 prte-

1392 2478 1530 2533 sides
1571 2494 1661 2533 aut
1701 2481 1998 2547 minim-0⁶3
2028 2501 2200 2556 neque
2246 2484 2413 2538 veluti

1394 2557 1481 2613 dei
1498 2561 1688 2632 optimi
1706 2579 1884 2615 rerum
1902 2563 2140 2616 omnium
2162 2564 2413 2619 creatoris

1397 2658 1455 2692 ac
1485 2639 1832 2694 moderatoris
1862 2643 2112 2715 imagines
2127 2681 2142 2708 ,
2165 2642 2257 2697 sed
2285 2645 2413 2697 sim-

1397 2719 1606 2792 pliciter
1626 2758 1643 2784 ,
1669 2720 1823 2773 sicuti
1879 2720 2006 2775 deos
2059 2725 2236 2793 ipsos:
2272 2721 2415 2776 unde

1398 2810 1539 2852 certe
1549 2798 1615 2852 iis
1630 2811 1780 2852 erant
1794 2798 2141 2865 divinatores,
2156 2804 2419 2856 mantissa

1399 2890 1452 2931 et
1474 2879 1744 2949 astrologi,
1770 2877 1912 2932 unde
1928 2898 2140 2951 quoque
2165 2882 2419 2952 supersti-

1401 2958 1522 3010 tiosi
1555 2957 1689 3009 ritus
1703 2995 1721 3023 ,
1764 2957 1902 3010 forte
1951 2959 2109 3011 etiam
2168 2960 2421 3013 sacrificia

1401 3037 1633 3090 humana
1649 3034 1718 3089 de
1736 3037 1927 3107 quibus
1953 3055 2166 3108 quoque
2183 3038 2422 3110 loquitur

1403 3115 1574 3169 Tacit.
1604 3115 1682 3168 M.
1718 3116 1787 3168 G.
1808 3128 1946 3184 9,et
1979 3114 2195 3184 39;sed
2225 3118 2422 3189 absque

1406 3194 1618 3266 templis
1631 3232 1648 3262 ,
1676 3196 1872 3267 absque
1909 3193 2265 3250 sacerdotibus
2291 3215 2421 3268 pro·

1407 3274 1526 3347 prie
1554 3273 1819 3328 dictis.1n
1843 3288 2027 3329 nostro
2050 3294 2233 3341 sensu,
2251 3276 2423 3329 Caesa·

1409 3355 1484 3407 ris
1514 3354 1747 3408 narratio
1776 3368 1919 3408 recte
1952 3354 2102 3420 fluit,
2133 3366 2186 3407 et
2211 3354 2429 3408 Tacitus

1411 3434 1703 3487 illustratur
1731 3434 1837 3488 hoc
1861 3432 2058 3500 modo,
2086 3453 2155 3487 sc.
2189 3445 2431 3506 tempore

1413 3514 1605 3585 ipsius,
1618 3516 1726 3585 jam
1747 3533 1847 3580 res,
1866 3516 1997 3587 quin
2012 3513 2345 3567 ethomines
2329 3512 2432 3585 ipsi

1415 3593 2139 3646 inGermaniamutatierant:
2150 3603 2434 3664 atquetum

1416 3684 1638 3745 propter
1647 3673 1968 3726 vicinitatem
1978 3671 2433 3737 etcommercium,

1418 3765 1534 3805 tum
1577 3764 1796 3824 propter
1837 3753 2113 3805 cultiorem
2153 3751 2314 3804 vitam
2333 3788 2353 3816 ,
2384 3762 2441 3804 et

1418 3831 1639 3885 insitum
1655 3831 1900 3883 omnibus
1917 3848 2078 3883 novas
2093 3849 2176 3884 res
2192 3827 2442 3902 captandi

1426 3928 1690 3975 amorem,
1725 3928 1754 3962 a
1783 3909 1947 3962 Gallis
1992 3922 2150 3981 atque
2188 3909 2440 3962 Romanis

1430 3990 1747 4060 alienigenos
1763 3986 1908 4054 deos,
1920 3988 2160 4060 ritusque
2182 3988 2437 4042 Germani

1424 4066 1737 4142 jamdudum
1762 4079 2085 4139 receperant.

1515 4155 1567 4211 4.
1589 4149 1798 4199 Deorum
1821 4147 2261 4212 numem,etc.1ta
2277 4145 2447 4202 Tacit.

1435 4227 1589 4282 deM.
1610 4226 1678 4280 G.
1698 4246 1749 4297 9.
1774 4226 2007 4281 Gemm·
2028 4226 2220 4280 deor-mn
2246 4230 2447 4279 martine

1438 4308 1725 4363 Mercurium
1745 4308 1933 4372 colsant',
1953 4311 2059 4369 cui,
2064 4311 2231 4412 3certis·
2260 4306 2452 4372 diebus,

1970 4372 2088 4484 ¹7
