3111 5147
642 582 782 650 DE
836 581 1179 649 BELLo
1234 541 1726 652 GALLICO.
1784 586 1972 654 Lis.
2028 589 2158 657 ιν.

2334 591 2474 677 145

313 740 531 788 cessu
567 738 844 784 suorum
868 696 918 800 ³,
946 736 1162 807 neque
1212 712 1463 783 consilii
1514 714 1836 803 habendi,
1871 742 2083 812 neque
2131 743 2316 791 arma
2369 748 2476 795 ca-

316 820 562 918 piendi
582 821 797 916 spatio
821 818 1010 907 dato,
1026 820 1521 915 perturbantur,
1544 823 1851 916 copiasne
1880 824 2193 895 adversus
2217 827 2478 899 hostem

321 929 659 1015 educere,
681 951 768 994 an
820 940 1034 995 castra
1087 926 1484 1013 defendere,
1525 950 1613 994 an
1666 927 1824 1023 fuga
1879 928 2155 1001 salutem
2209 949 2434 1029 petere
2443 989 2477 1055 .'

322 1047 700 1130 praestaret.
730 1034 1036 1121 Quorum
1071 1033 1270 1102 timor
1309 1057 1514 1126 quum
1550 1032 1816 1105 fremitu
1846 1049 1913 1105 et
1935 1062 2264 1109 concursu
2291 1043 2480 1160 signi-

326 1140 688 1227 ficaretur,
725 1136 962 1207 milites
1012 1141 1253 1227 nostri,
1275 1138 1541 1277 pristini
1571 1139 1698 1208 diei
1761 1142 2035 1235 perfidia
2081 1145 2372 1234 incitati,
2408 1148 2477 1215 in

329 1261 561 1317 castra
576 1247 978 1340 irmperunt.
1002 1246 1158 1334 Quo
1192 1243 1372 1333 loco,
1390 1247 1504 1340 qui
1515 1231 1863 1315 ⁴celeriter
1893 1273 2078 1319 arma
2105 1276 2341 1346 capere
2369 1279 2479 1383 po-

331 1366 617 1421 tuerunt
630 1348 1013 1446 ‚paulisper
1051 1354 1290 1421 nostris
1318 1352 1711 1420 restiterunt
1724 1367 1972 1447 ‚atque
2002 1357 2173 1424 inter
2214 1345 2476 1429 carros⁵

331 1457 943 1553 impedimentaque
972 1456 1270 1553 praelium
1311 1458 1829 1527 commiserunt.
1868 1474 1939 1528 at
1967 1459 2219 1555 reliqua
2257 1463 2477 1534 multi·
2557 1460 2568 1471 ⁸

332 1565 508 1633 tudo
560 1587 923 1658 puerorum
982 1561 1463 1656 mulierumque
1501 1554 1697 1649 (nam
1758 1588 1911 1632 cum
1974 1567 2281 1638 omnibus
2347 1573 2479 1640 suis

333 1670 545 1740 domo
577 1682 992 1739 excesserant
1030 1668 1473 1797 Rhenumque
1509 1663 1940 1759 transierant)
1975 1673 2215 1765 passim
2249 1673 2479 1793 fugere

333 1777 588 1871 σοφίη
614 1775 700 1843 ad
738 1799 908 1870 quos
946 1759 1459 1844 consectandos⁶
1484 1777 1706 1844 Caesar
1744 1777 2108 1869 equitatum
2150 1780 2339 1849 misit.

455 1883 604 1950 XV.
661 1882 1016 1967 Germani,
1061 1895 1211 1975 post
1280 1895 1541 1975 tergum
1601 1879 1889 1950 clamore
1949 1882 2216 1971 audito,
2270 1912 2479 1980 quum

332 2012 509 2059 suos
531 1987 801 2056 interfici
830 1986 1163 2075 viderent,
1184 1989 1384 2056 armis
1410 1986 1710 2079 abjectis,
1739 1986 2066 2083 signisque
2091 1989 2480 2064 militaribus

335 2093 592 2163 relictis
612 2146 633 2180 ‚
674 2119 741 2163 se
791 2118 874 2162 ex
919 2094 1148 2163 castris
1188 2092 1568 2186 ejecerunt3
1616 2106 1718 2179 et,
1752 2117 1959 2186 quum
2004 2095 2089 2163 ad
2139 2098 2478 2169 confluen-

338 2216 490 2269 tem
538 2201 739 2269 Mosae
789 2213 860 2267 et
909 2199 1127 2268 Rheni
1180 2200 1632 2293 pervenissent
1655 2195 1701 2285 ¹,
1736 2196 1986 2293 reliqua
2040 2200 2197 2296 fiiga
2248 2204 2477 2300 despe-

415 2376 469 2430 3.
479 2376 919 2428 Βίεοωεωιιοωηι.
930 2372 1371 2445 Senioresegressi

338 2455 686 2528 colloquendi
696 2473 851 2510 causa
862 2472 972 2507 non
985 2467 1132 2507 erant
1145 2454 1340 2508 reversi
1354 2492 1372 2521 ,

337 2531 1372 2601 undeabomniconsiliodestitntiemnt,

338 2615 571 2689 ideoque
588 2617 790 2669 turbati
809 2616 1016 2668 discessu
1035 2634 1240 2668 morunt.
1255 2613 1371 2667 Hoc

337 2697 461 2750 loco
487 2694 694 2750 dictum
715 2715 819 2769 pro
836 2695 1129 2748 retentione
1152 2712 1372 2748 suorum

335 2779 450 2849 jam
475 2777 775 2830 observavit
800 2775 1111 2828 Hotmanus.

426 2864 481 2920 4.
510 2857 626 2927 Quo
652 2857 785 2919 loco,
810 2857 895 2927 qui
917 2866 1003 2907 etc.
1029 2853 1372 2907 Restituimus

336 2936 482 2991 hanc
495 2936 782 2990 lectionem
792 2953 856 2988 ex
870 2933 988 2987 cod.
1000 2947 1182 2987 nostro
1196 2933 1307 3003 576
1318 2934 1366 2995 3,

339 3029 397 3070 et
424 3017 541 3070 aliis
575 3015 875 3086 permultis.
896 3014 1034 3079 Alii,
1065 3014 1203 3074 inter
1238 3032 1371 3085 quos

337 3094 462 3151 oud.
494 3097 560 3148 R.
597 3095 770 3166 5764.
797 3093 1079 3165 Bipontina
1108 3091 1209 3145 Ed.
1240 3105 1369 3159 etc.,

338 3195 540 3250 quorum
557 3178 658 3248 qui.
684 3175 866 3227 Minus
889 3174 1024 3226 bene
1044 3183 1264 3244 propter
1282 3191 1372 3227 vo-

338 3274 459 3310 cem
481 3274 682 3328 quorum
711 3254 793 3307 bis
815 3253 1107 3324 repetitam.

294 3393 304 3402 ,
427 3337 480 3389 5.
499 3335 698 3388 Cari-os.
715 3331 874 3385 Unde
886 3351 1118 3401 carrago,
1140 3329 1370 3385 munitio

338 3434 372 3468 e
403 3420 557 3468 carris
585 3413 836 3467 connexis
862 3412 1003 3464 hosti
1030 3409 1273 3464 arcendo.

429 3499 487 3547 6.
539 3494 633 3547 Ad
665 3513 783 3566 quos
810 3491 1158 3544 consectandos.
1191 3490 1370 3556 Male,

339 3586 402 3627 et
442 3586 629 3626 contra
658 3592 861 3625 morem
896 3571 1147 3624 usitatum
1176 3571 1370 3623 Roma·

338 3653 435 3707 uis
450 3690 469 3719 ,
497 3652 741 3706 Hotman.
777 3651 904 3723 legit
941 3651 1011 3702 ad
1038 3669 1153 3723 quos
1183 3669 1369 3701 conser-

344 3733 551 3789 vando-5.

402 3814 534 3867 Cu).
550 3813 673 3865 XV.
684 3831 708 3865 1
721 3852 734 3866 .
752 3813 804 3864 E
806 3825 827 3863 t
834 3829 974 3884 quum
987 3809 1059 3860 ad
1066 3809 1372 3880 confluentem

344 3893 504 3946 Mosa·
513 3905 562 3944 ee
572 3893 746 3946 Rheni.
755 3890 954 3944 Eadem
966 3889 1022 3942 h.
1037 3889 1075 3942 l.
1090 3885 1373 3941 difficultas

345 3992 465 4044 quae
495 3992 643 4044 supr.
677 3991 725 4025 c.
755 3991 787 4040 9
805 3966 960 4033 (vide
985 3969 1058 4020 ibi
1084 3980 1263 4020 notam
1288 3963 1369 4032 a).

344 4052 629 4106 Cluverius
666 4052 780 4104 vult
810 4052 880 4102 ad
902 4050 1184 4120 confluentes
1218 4047 1375 4098 Rheni

342 4143 397 4182 ee
419 4133 654 4185 Mosellae.
677 4129 780 4184 Sed
799 4140 1056 4202 repugnat
1074 4140 1275 4191 textus,
1292 4145 1374 4178 re-

340 4212 572 4265 clamant
604 4209 762 4264 codd.
790 4229 973 4262 omnes
998 4221 1051 4261 et
1075 4206 1198 4261 edd.
1226 4203 1372 4272 Quid

338 4291 509 4362 igitur
520 4290 809 4346 voluntisti
832 4288 1038 4344 critici?
1052 4288 1297 4359 Usipetes
1317 4298 1372 4342 et

451 4403 509 4468 I.

1458 2370 1824 2426 Tenchtberos
1836 2370 1904 2427 ad
1927 2372 2279 2430 confluentem
2305 2378 2480 2432 Rheni

1459 2465 1513 2506 et
1547 2452 1779 2505 Mosellae
1806 2453 1974 2507 victos
2002 2455 2191 2521 fuisse,
2216 2469 2375 2530 atque
2403 2459 2481 2512 ibi

1456 2545 1679 2624 pontem
1704 2551 1734 2585 a
1759 2533 1962 2589 Caesare
1983 2533 2216 2589 factum?
2235 2550 2286 2590 at
2306 2538 2480 2592 Caesar

1455 2613 1571 2684 ipse
1585 2612 1676 2678 ait,
1692 2613 1986 2667 Germanos
2006 2628 2350 2688 transgressos
2370 2619 2483 2673 Me·

1454 2692 1739 2764 napiorum
1765 2692 1897 2747 fines
1923 2691 2069 2756 (vid.
2090 2715 2135 2749 c.
2155 2702 2206 2759 4.
2223 2694 2273 2762 ),
2300 2710 2352 2751 et
2390 2717 2478 2751 oc·

1454 2772 1659 2843 cupatis
1682 2772 1877 2826 finibus
1906 2774 2220 2829 Eburonum
2250 2791 2303 2830 et
2335 2776 2480 2832 Con-

1453 2849 1771 2918 drusorum,
1800 2853 1938 2905 ultra
1954 2854 2158 2907 Mosam
2185 2858 2481 2927 equitatum

1454 2949 1612 2983 suum
1633 2949 1857 2996 misisse;
1875 2933 1947 2984 ait
1971 2935 2267 3000 convictos,
2286 2955 2395 2989 non
2420 2938 2478 2990 in

1454 3009 1652 3063 finibus
1673 3008 2020 3063 Trevirorum
2035 3050 2051 3076 ‚
2067 3025 2126 3064 ut
2152 3013 2402 3068 Cluverio
2426 3029 2480 3069 et

1454 3089 1569 3142 aliis
1593 3090 1790 3160 placet,
1808 3087 1900 3140 sed
1928 3089 2242 3142 Eburonum
2260 3104 2314 3143 et
2340 3095 2480 3146 Con-

1454 3166 1771 3233 drusorum,
1803 3168 1898 3239 qui
1926 3181 2076 3221 erant
2112 3181 2317 3222 tantum
2345 3173 2476 3225 Tre-

1453 3249 1693 3302 virorum
1732 3246 1981 3311 clientes,
2028 3249 2150 3320 fuga
2203 3268 2258 3302 se
2301 3253 2478 3323 prori-

1453 3327 1633 3398 puisse
1652 3325 1717 3379 ad
1733 3326 2057 3382 confluentes
2075 3329 2238 3382 Mosae
2262 3343 2315 3383 et
2336 3332 2476 3384 Rhe-

1454 3406 1546 3473 ni,
1575 3420 1674 3460 etc.
1713 3407 1872 3480 paulo
1909 3408 2162 3473 inferius,
2200 3410 2284 3462 vel
2317 3412 2478 3481 paulo

1454 3487 1699 3558 superius
1727 3487 1945 3539 minime
1975 3488 2224 3553 iuter-esu
2251 3503 2305 3541 at
2336 3504 2477 3544 certe

1453 3585 1566 3618 non
1597 3565 1665 3618 ad
1697 3566 2053 3621 confluentem
2087 3567 2336 3622 Mosella.
2378 3569 2476 3622 His

1454 3644 1646 3698 addam
1705 3665 1719 3700 :
1769 3665 1945 3718 pugna
2000 3647 2274 3700 commissa
2336 3649 2479 3702 inter

1453 3726 1732 3778 Eburones
1755 3739 1809 3777 et
1827 3723 2162 3793 Condi-usos,
2180 3741 2241 3779 ut
2263 3741 2481 3800 apparet

1456 3800 1600 3868 (vers
1618 3806 1752 3857 Aia:-
1761 3805 1843 3856 la·
1849 3803 2115 3875 Chapelle),
2134 3807 2254 3878 suga
2271 3808 2479 3880 illispo·

1455 3885 1563 3938 tius
1602 3897 1716 3937 erat
1765 3883 2077 3956 capessenda
2114 3888 2262 3956 juxta
2307 3887 2478 3980 ripam

1456 3965 1652 4028 Mosa,
1671 3983 1779 4035 quo
1806 3977 1977 4017 essent
2013 3966 2289 4036 propiores
2327 3967 2477 4037 equi-

1456 4044 1591 4097 tatui
1611 4061 1732 4107 suo,
1749 4043 1842 4116 qui
1863 4055 2004 4095 trans
2024 4043 2228 4096 Mosam
2247 4047 2481 4099 frumen·

1456 4123 1606 4177 tandi
1635 4142 1789 4176 causa
1822 4122 2012 4175 missus
2040 4136 2182 4191 erat,
2213 4139 2266 4178 et
2301 4126 2478 4180 audita

1455 4202 1606 4257 clade
1627 4222 1682 4255 se
1708 4202 1992 4274 recipiebat
2011 4205 2160 4273 juxta
2184 4204 2474 4273 sinistram3

1457 4303 1627 4356 quum
1641 4283 1804 4355 igitur
1815 4283 1940 4339 hinc
1954 4296 2006 4336 et
2017 4277 2480 4358 indefugientibus

2072 4418 2096 4462 Ι
2114 4418 2160 4464 Ο
