3111 5147
575 524 716 591 DE
769 525 1116 594 BELLO
1170 527 1663 598 GALLICO.
1722 529 1909 598 LIB.
1966 531 2145 598 VII.
2277 528 2426 617 343

295 668 543 724 tanmr.
570 657 666 723 M.
693 641 1019 726 Petreius⁶
1022 657 1356 751 ‚ejusdem
1379 657 1654 754 legionis
1685 664 2018 748 centurio,
2044 687 2249 757 quum
2276 688 2430 757 por-

294 773 399 829 tas
450 760 796 831 excidere⁷
838 777 1115 833 conatus
1162 779 1375 853 esset,
1422 790 1462 834 a
1502 764 1919 836 multitudine
1961 792 2313 863 oppressus
2353 794 2431 840 ac

289 866 422 935 sibi
471 854 888 962 desperans⁸‚
921 868 1200 939 multis
1177 895 1315 963 jam
1357 869 1740 942 vulneribus
1777 877 2092 968 acceptis,
2133 877 2430 970 manipu-

293 971 546 1042 laribus
575 977 708 1044 suis
721 975 877 1069 ‚qui
903 974 1085 1045 illum
1113 979 1319 1046 secuti
1340 991 1555 1047 erant.
1596 1006 1630 1043 α
1657 979 2025 1068 Quoniam,
2047 982 2289 1074 inquit,
2324 1006 2431 1049 me

295 1103 435 1147 una
479 1080 819 1151 vobiscum
858 1105 1121 1151 servare
1153 1107 1290 1152 non
1326 1108 1596 1179 possum
1623 1137 1642 1171 ‚
1676 1099 1911 1154 vestrae
1950 1086 2214 1179 quidem
2255 1101 2433 1156 certe

299 1184 530 1253 saluti⁹
552 1188 944 1281 prospiciam
959 1242 980 1275 ‚
997 1213 1166 1282 quos
1189 1189 1547 1283 cupiditate
1577 1189 1799 1285 gloriae
1828 1190 2151 1262 adductus
2175 1193 2241 1260 in
2261 1194 2430 1286 peri-

297 1289 528 1360 culum
557 1292 814 1362 deduxi.
832 1296 1007 1381 Vos,
1033 1294 1186 1364 data
1215 1295 1558 1383 facultate,
1582 1298 1769 1366 vobis
1802 1296 2186 1366 consulite.»
2225 1297 2432 1366 Simul

298 1398 372 1465 in
413 1398 660 1468 medios
695 1400 916 1470 hostes
958 1403 1194 1496 irrupit
1217 1454 1237 1489 ,
1272 1401 1662 1496 duobusque
1704 1402 2062 1471 interfectis
2086 1456 2105 1490 ‚
2150 1401 2434 1497 reliquos

298 1527 342 1571 a
409 1519 602 1597 porta
668 1504 937 1600 paulum
997 1506 1348 1577 submovit.
1418 1507 1829 1577 Conantibus
1890 1506 2183 1577 auxiliari
2252 1511 2384 1577 suis
2412 1563 2432 1595 ,

309 1638 344 1674 α
390 1612 662 1679 Frustra
680 1644 716 1699 ‚·
743 1613 955 1707 inquit
973 1666 993 1700 ‚
1036 1638 1199 1683 meae
1239 1615 1391 1683 vitoe
1433 1614 1782 1683 subvenire
1823 1615 2151 1683 conamini
2171 1666 2191 1700 ‚
2235 1638 2433 1707 quem

294 1716 436 1808 jam
475 1720 738 1811 sanguis
778 1720 1081 1813 viresque
1123 1719 1457 1788 deficiunt.
1502 1718 1787 1788 Proinde
1825 1718 1980 1788 hinc
2016 1718 2190 1786 abite
2212 1771 2232 1805 ‚
2271 1718 2434 1788 dum

301 1835 404 1890 est
437 1821 714 1892 facultas
746 1876 766 1910 ‚
808 1847 1058 1918 vosque
1101 1824 1186 1894 ad
1223 1824 1547 1920 legionem
1593 1826 1878 1919 recipite.
1905 1854 1939 1889 n
1982 1827 2087 1893 Ita
2129 1848 2434 1918 pugnans

300 1941 452 2022 post
494 1928 767 2023 paulum
800 1929 1086 1999 concidit
1106 1983 1126 2017 ‚
1160 1954 1238 2000 ac
1273 1932 1405 2001 suis
1441 1929 1632 1999 saluti
1663 1929 1802 1999 fuit.

408 2034 523 2102 LI.
577 2035 806 2105 Nostri
826 2088 846 2122 ‚
875 2061 1080 2129 quum
1115 2034 1406 2130 undique
1432 2050 1888 2131 premerentur
1909 2089 1929 2123 ‚
1954 2036 2181 2106 XLVI
2208 2049 2435 2106 centu·

301 2139 597 2209 rionibus
626 2141 880 2211 amissis
905 2195 925 2229 ‚
969 2141 1206 2235 dejecti
1240 2155 1395 2209 sunt
1430 2141 1579 2211 loco
1609 2168 1624 2208 ε
1658 2141 1771 2209 sed
1797 2139 2250 2210 intolerantius
2276 2140 2434 2210 Gal-

304 2243 410 2313 los
453 2244 894 2347 insequentes¹
936 2246 1106 2341 legio
1138 2248 1206 2315 X
1242 2246 1527 2315 tardavit
1545 2300 1567 2333 ‚
1601 2271 1748 2341 quae
1790 2270 1914 2341 pro
1950 2245 2238 2314 subsidio
2273 2270 2434 2340 pau-

301 2349 372 2418 lo
419 2351 701 2445 aequiore
747 2350 895 2422 loco
942 2353 1339 2422 constiterat.
1403 2355 1594 2449 Hanc
1646 2377 1872 2421 rursus
1916 2353 2116 2419 XIII
2162 2349 2434 2446 legionis

299 2455 614 2527 cohortes
655 2474 1055 2553 exceperunt
1076 2511 1095 2547 ,
1129 2482 1276 2553 quae
1299 2510 1318 2545 ‚
1351 2482 1430 2526 ex
1469 2458 1699 2527 castris
1740 2457 2102 2527 minoribus
2141 2457 2393 2526 eductae
2415 2510 2436 2545 ,

303 2589 461 2632 cum
494 2566 568 2632 T.
604 2565 825 2635 Sextio
857 2562 1075 2661 lega'to
1111 2579 1422 2661 ceperant
1463 2561 1685 2634 locum
1727 2564 2150 2660 superiorem.
2198 2564 2435 2658 Legio-

304 2695 423 2739 nes
457 2723 478 2758 ,
530 2671 642 2739 ubi
694 2672 980 2767 primum
1041 2670 1375 2767 planitiem
1430 2672 1792 2766 attigerunt
1821 2725 1841 2759 ‚
1894 2671 2144 2744 infestis
2205 2685 2435 2739 contra

302 2775 530 2846 hostes
551 2779 752 2873 signis
776 2779 1229 2848 constiterunt.
1249 2779 1751 2871 Vercingetorix
1772 2778 1856 2845 ab
1876 2777 2203 2846 radicibus
2229 2773 2433 2846 collis²

393 2963 448 3014 6.
463 2958 542 3012 M.
557 2958 795 3032 Peneius.
806 2959 918 3013 sul.
933 2959 1149 3024 Celsus,
1161 2957 1330 3010 Petro-

305 3042 439 3100 πίω,
460 3037 838 3093 etnostercod.
863 3039 1033 3109 5763.
1058 3038 1329 3103 haltere,

305 3131 563 3190 corrupte
598 3116 889 3171 admodum
923 3117 1119 3189 legitur
1136 3137 1249 3188 proe
1278 3129 1332 3169 et

305 3216 471 3269 supra
501 3197 693 3261 Mam.,·
716 3211 902 3251 catera
932 3195 1191 3250 delentur.
1225 3197 1333 3249 Alii

310 3290 367 3330 ct
399 3277 660 3349 interpres
695 3295 927 3348 grows,
957 3278 1195 3330 Poenius.
1240 3276 1334 3330 Nil

310 3355 649 3411 mutandum.

396 3456 450 3506 7.
474 3436 948 3508 Eaedemvulgut.
956 3436 1244 3490 exscindere.
1265 3436 1337 3488 At

311 3527 450 3588 optt.
478 3514 636 3570 codd.
678 3529 733 3569 et
774 3514 898 3569 edd.
938 3516 1167 3568 audere.
1202 3515 1336 3580 Quo

310 3596 475 3649 lectio
496 3596 726 3667 genuina
742 3614 854 3649 ene
867 3594 1095 3649 videtur.
1123 3596 1335 3648 Exscin-

312 3675 429 3728 λιι-ε
487 3689 567 3728 est
616 3673 916 3729 emendatio
980 3675 1336 3728 recentiorum

311 3755 808 3826 grammaticorum,
823 3755 916 3826 qui
945 3753 1014 3807 de
1037 3772 1148 3806 uno
1173 3754 1338 3807 verbo

312 3835 532 3888 amum
572 3833 683 3887 duo
722 3834 953 3900 faciunt,
984 3852 1152 3904 quum
1196 3832 1338 3886 idem

315 3915 421 3978 sit,
463 3912 555 3967 sed
589 3915 733 3967 varie
774 3915 1064 3984 scriptum3
1093 3914 1176 3966 uti
1212 3913 1340 3966 alibi

295 3993 549 4065 panim,
581 3994 828 4048 comtum
855 4006 910 4046 et
938 3992 1200 4045 eonsilium.

404 4074 458 4128 8.
487 4073 598 4127 Sibi
623 4073 889 4144 desperans.
915 4071 1054 4135 Alii,
1077 4076 1168 4124 sui.

323 4185 332 4192 ·
404 4173 457 4222 9.
473 4152 653 4206 salaai.
666 4152 939 4206 Clau-hius:
959 4150 1345 4222 ‹Reum-ipsimi-

322 4245 412 4297 tae,
434 4232 745 4305 jubentibus
765 4231 914 4288 MSS.
935 4242 1201 4304 quotquot
1220 4242 1370 4286 sunt.

1399 2956 1746 3011 -vetnstiores.
1790 2955 1955 3008 Salui
1993 2956 2170 3009 inveni
2212 2957 2270 3008 in
2314 2956 2437 3009 solis

1417 3037 1560 3089 Duk.
1592 3037 1755 3089 Dour.
1784 3047 1839 3087 et
1863 3032 2016 3088 Leid.
2051 3052 2153 3086 sec.
2185 3033 2289 3085 nisi
2317 3038 2437 3085 vite

1417 3116 1653 3186 salutique
1661 3117 1883 3185 jungere
1897 3113 2044 3167 velis.
2065 3138 2089 3159 ι
2109 3112 2437 3166 Atinnostro

1405 3195 1693 3266 ¹antiquiss.
1708 3191 1828 3247 cod.
1852 3192 2001 3263 5763
2019 3191 2432 3263 ,repet-iocatur&

1418 3272 1566 3345 quod
1588 3272 1798 3346 pratuli
1816 3310 1833 3339 ‚
1861 3283 2083 3345 propter
2112 3288 2295 3325 vocem
2318 3274 2438 3324 ’νᾶα

1419 3355 1562 3408 infra
1584 3353 1880 3427 repetitam.

1501 3435 1631 3488 Cn».
1664 3434 1755 3487 LI.
1796 3453 1848 3487 1.
1889 3432 2230 3485 Intolerantius
2264 3428 2439 3483 Gallos

1421 3520 1726 3588 insequentes.
1768 3509 2074 3584 cupidius.
2093 3521 2148 3562 et
2183 3520 2303 3581 apta
2338 3526 2439 3564 vox

1420 3594 1548 3647 huic
1574 3593 1655 3647 rei
1681 3605 1776 3645 est.
1800 3592 1893 3646 Est
1917 3591 2061 3644 enim
2085 3591 2195 3660 ejus
2211 3587 2306 3658 qui
2321 3605 2440 3640 nes-

1421 3674 1494 3727 cit
1517 3670 1983 3744 ipsecupiditatem
2008 3688 2155 3723 suam
2174 3667 2441 3721 cohihere.

1422 3752 1510 3806 Sic
1535 3751 1841 3804 moderate
1858 3752 2045 3812 lectari,
2070 3750 2125 3801 in
2153 3746 2347 3799 Severo
2364 3743 2445 3798 di-

1423 3834 1502 3885 xit
1542 3830 1866 3902 Spartianus.
1928 3829 2188 3900 Septimum
2221 3824 2441 3878 Semun-

1426 3911 1881 3971 immodemtissime,
1897 3928 2039 3981 quum
2057 3916 2337 3968 mor-entur,
2361 3906 2445 3956 la-

1428 4002 1596 4043 ntum.
1616 3991 1771 4042 Voss.

1510 4089 1561 4123 a.
1580 4068 1665 4123 Ab
1677 4065 2078 4120 radicssmoolus.
2096 4062 2445 4118 Eximocolle

1426 4151 1484 4202 in
1510 4167 1620 4221 quo
1649 4146 1990 4202 constiterant
2025 4144 2283 4211 Romani,
2307 4144 2446 4198 intra

1428 4229 1752 4284 munitiones
1782 4224 2011 4282 reduxit.

1950 4320 2081 4404 22⁴
