3111 5147
756 535 861 623 64

1063 538 1140 605 c.
1195 534 1481 603 JUL11
1538 510 2004 603 CAESAffls
2058 530 2601 600 COMMENT.

868 670 1014 737 LII.
1077 669 1300 738 Caesar
1357 664 1627 760 singulis
1694 663 2058 758 legionibus
2113 650 2406 756 *singulos
2471 664 2758 756 Legatos
2815 676 2880 731 et

755 777 1169 864 Quaestorem
1205 772 1498 869 praefecit
1516 771 1562 860 ¹,
1596 772 1693 839 uti
1726 794 1839 839 eos
1883 783 2079 838 testes
2121 792 2254 837 suae
2305 768 2580 862 quisque
2620 769 2878 837 virtutis

751 881 1043 950 haberet.
1086 884 1241 975 Ipse
1283 904 1324 946 a
1357 878 1592 947 dextro
1626 900 1834 945 cornu
1853 929 1874 963 ,
1909 874 2087 970 quod
2127 898 2273 942 eam
2313 889 2570 969 partem
2610 875 2879 942 minime

753 986 1013 1055 firmam
1032 984 1053 1011 ²
1088 987 1377 1054 hostium
1418 1008 1560 1053 esse
1603 984 1894 1050 animum
1931 979 2304 1049 adverterat
2321 1033 2342 1067 ,
2373 978 2670 1074 praelium
2708 1005 2879 1048 com·

752 1094 944 1162 misit.
1001 1096 1105 1160 Ita
1164 1092 1372 1159 nostri
1412 1092 1652 1158 acriter
1690 1091 1759 1155 in
1812 1088 2034 1156 hostes
2054 1140 2073 1174 ‚
2103 1088 2291 1180 signo
2332 1085 2491 1154 dato
2510 1139 2529 1173 ,
2559 1087 2876 1180 impetum

753 1198 1096 1267 fecerunt:
1128 1200 1345 1290 itaque
1366 1196 1589 1265 hostes
1617 1208 1885 1289 repente
1913 1190 2338 1286 celeriterque
2363 1208 2877 1286 procurrerunt,

754 1319 828 1372 ut
868 1330 900 1373 s
948 1306 1152 1372 atium
1192 1301 1379 1396 pila
1363 1327 1430 1369 m
1453 1301 1675 1370 hostes
1700 1298 2087 1393 conjiciendi
2111 1323 2249 1366 non
2276 1297 2560 1366 daretur.
2591 1298 2877 1391 Rejectis

752 1407 966 1503 pilis,
998 1410 1295 1478 cominus
1348 1406 1578 1502 gladiis
1633 1421 1999 1501 pugnatum
2050 1417 2207 1473 est:
2255 1419 2324 1472 at
2359 1406 2720 1489 Germani,
2771 1429 2874 1473 ce

752 1513 972 1584 leriter
1013 1540 1096 1583 ex
1135 1513 1609 1585 consuetudine
1650 1520 1770 1582 sua
1803 1510 2129 1607 phalange
2163 1508 2339 1580 facta
2352 1496 2378 1541 ⁴
2381 1511 2706 1604 ,impetus
2739 1509 2874 1605 gla-

833 1723 1374 1779 Cu.L11.1.Coesar
1400 1722 1604 1792 singulis
1625 1722 1773 1791 legio-

752 1803 891 1856 nibus
919 1805 1130 1873 sing-ulos
1159 1803 1368 1871 Legatos
1392 1814 1441 1852 et
1474 1802 1624 1870 Quoes
1600 1813 1738 1853 scor-e
1738 1821 1770 1851 n

741 1884 982 1953 proesecit.
1016 1881 1247 1935 Videtur
1275 1899 1341 1933 ex
1376 1881 1481 1934 hoc
1508 1880 1630 1932 loco
1660 1881 1769 1932 col-

749 1961 845 2033 ligi
888 1980 1039 2033 posse
1069 1962 1247 2032 plures
1284 1972 1569 2031 quoesmres
1599 1959 1769 2012 Caesa·

751 2058 867 2092 rem
896 2039 1155 2094 habuisse.
1185 2040 1262 2091 Ut
1290 2039 1530 2091 rnrsusl.
1549 2056 1613 2091 v.
1643 2039 1771 2090 Inte-

752 2122 857 2182 rim,
875 2120 1049 2191 inquit
1058 2157 1073 2183 ,
1086 2119 1149 2171 ab
1164 2118 1376 2171 omnibus
1388 2117 1561 2187 legatis
1572 2129 1771 2189 quoesto-

749 2196 992 2272 ribusque,
1009 2199 1176 2271 quibus
1192 2199 1399 2268 legiones
1422 2197 1763 2259 transdidaerat,

751 2279 1091 2344 certios-factus
1100 2291 1186 2331 est.
1202 2276 1306 2330 Sed
1317 2275 1598 2348 legendum
1614 2296 1767 2349 quoes-

754 2370 966 2430 toreque‚
990 2370 1052 2411 ut
1072 2358 1150 2410 ibi
1168 2369 1327 2422 noto;
1343 2369 1397 2409 et
1410 2375 1576 2427 quum
1589 2356 1769 2427 plures

750 2451 922 2491 essent
963 2438 1225 2509 legiones,
1256 2454 1415 2508 qnam
1449 2436 1641 2506 legati,
1671 2437 1767 2488 uni

750 2534 936 2570 eorum
979 2529 1292 2590 quaestorem
1333 2516 1586 2588 praefecit.
1631 2514 1767 2567 Item

750 2596 789 2649 l.
807 2615 890 2649 xv.
879 2615 891 2627 ·
908 2597 1400 2669 Quidquidproeterea
1411 2596 1662 2665 longarum
1675 2615 1765 2647 na-

754 2679 876 2727 vium
905 2676 1134 2737 habebat,
1169 2677 1414 2748 quattor-⁸¹,
1443 2676 1617 2744 legatis
1634 2694 1765 2744 μνω-

739 2755 976 2827 sectisque
1007 2755 1265 2807 distribuit.
1294 2754 1474 2819 Quum
1503 2765 1679 2807 tamen
1709 2755 1766 2807 in

746 2834 978 2905 singulas
1005 2834 1304 2906 provincias
1332 2833 1567 2926 singulos
1595 2851 1765 2904 qums·

747 2924 890 2966 tores
914 2914 1057 2966 mitti
1067 2932 1183 2966 mos
1196 2914 1385 2978 fuerit,
1401 2914 1497 2984 qui
1513 2913 1767 2965 curabant

746 2993 1015 3064 publicam
1049 2993 1349 3063 pecuniam
1395 3005 1451 3045 et
1497 2990 1729 3063 prodam
1746 3032 1765 3058 ‚

745 3071 1176 3146 stipendiumque
1193 3073 1447 3126 exercitui
1460 3072 1734 3125 solvebant
1747 3111 1763 3138 ,

748 3169 846 3204 nec
876 3154 941 3205 ab
971 3153 1086 3224 ipso
1113 3154 1428 3225 imperatore
1452 3163 1764 3223 potestatem

746 3227 1037 3303 delegatam
1063 3231 1357 3296 habehant,
1372 3243 1432 3284 ut
1460 3231 1644 3302 legati,
1670 3230 1762 3284 sed

743 3326 777 3361 a
818 3311 1120 3383 republica3
1153 3311 1562 3382 imperatorique
1613 3322 1764 3363 erant

744 3388 979 3442 filiorum
1005 3391 1142 3442 loco.
1163 3390 1350 3442 Cicero
1376 3401 1508 3442 orat.
1526 3390 1585 3441 in
1603 3392 1759 3443 Verr.

748 3469 783 3522 3
806 3487 820 3521 :
858 3471 961 3531 Tu,
992 3488 1134 3540 quum
1171 3481 1378 3540 quoestor
1405 3468 1476 3519 ad
1507 3472 1761 3520 exercitum

746 3550 915 3600 missus
940 3551 1030 3610 sis,
1066 3559 1219 3599 custos
1239 3567 1335 3599 non
1350 3547 1499 3599 solum
1511 3551 1754 3618 pecunioe,

745 3628 833 3678 sed
861 3631 1005 3679 etiam
1037 3627 1260 3689 consulis,
1283 3630 1525 3698 particeps
1554 3630 1760 3679 omnium

741 3725 896 3759 rerum
935 3706 1324 3777 consiliorumque
1347 3707 1504 3773 fioerc's
1518 3745 1534 3768 ‚
1550 3705 1558 3710 ’
1572 3706 1759 3759 habitus

738 3789 806 3838 sis
827 3790 879 3839 in
897 3786 1091 3838 liber-tim
1115 3785 1239 3847 loeo,
1267 3790 1390 3838 sicut
1407 3805 1505 3837 mos
1525 3786 1756 3856 majorum

728 3866 947 3931 serebat,
983 3877 1169 3937 repente
1209 3865 1487 3938 relinquas?
1525 3866 1712 3918 deseras
1727 3874 1757 3918 Ρ

740 3945 813 3996 ad
822 3946 1112 3998 adoersan'os
1128 3947 1575 3998 trasisease’Verum
1587 3965 1755 3999 unum

736 4034 943 4077 tantum
958 4026 1116 4078 fnisse
1127 4023 1376 4091 ostendit,
1391 4026 1425 4078 l.
1438 4026 1749 4088 xv.Consilio,

736 4102 942 4176 inquit,
973 4125 1077 4156 cum
1103 4105 1277 4176 legatis
1301 4117 1350 4155 et
1377 4117 1609 4177 quoestore
1625 4126 1752 4158 com·

735 4187 990 4236 municato.
1018 4186 1198 4238 Cucc.
1224 4185 1305 4237 Ex
1322 4185 1426 4236 hoc
1453 4197 1628 4254 tamen
1646 4186 1756 4238 Cae-

734 4261 861 4314 saris
887 4262 1005 4315 loco
1032 4274 1176 4334 patet
1191 4263 1350 4318 fuisse
1375 4264 1553 4334 plures
1577 4266 1754 4332 Ques·

1858 1732 1998 1772 tores
2029 1719 2084 1770 in
2132 1719 2366 1773 exercitu
2380 1757 2396 1784 ,
2426 1731 2481 1771 et
2519 1718 2740 1790 quidem
2783 1721 2876 1773 mi-

1855 1816 2047 1865 nores;
2078 1810 2235 1870 atque
2266 1798 2441 1851 forsan
2471 1798 2764 1870 unicuique
2806 1800 2875 1850 le·

1853 1878 2003 1948 gioni
2049 1897 2174 1930 suus
2222 1890 2334 1930 erat
2371 1878 2643 1942 Quaestor,
2674 1879 2771 1949 qui
2809 1877 2874 1930 de

1853 1957 2079 2028 pecunia
2092 1995 2110 2021 ‚
2139 1955 2208 2009 de
2232 1955 2499 2029 stipendio
2528 1969 2582 2009 et
2609 1974 2875 2010 commeta

1855 2037 1998 2089 tibus
2027 2036 2365 2108 peculiariter
2406 2054 2587 2089 curam
2636 2036 2872 2090 haberet.

1855 2114 2028 2168 Simili
2058 2117 2167 2169 fere
2197 2134 2418 2168 munere
2447 2112 2590 2187 apud
2620 2134 2721 2169 nos
2753 2117 2874 2169 sun-

1850 2207 2051 2265 guntur
2103 2196 2142 2247 ii
2198 2196 2291 2267 qui
2329 2194 2583 2248 dicuntur
2616 2195 2874 2266 Qum-tier-

1854 2279 2060 2328 mattres.
2083 2272 2188 2327 Sed
2211 2293 2355 2327 mera
2373 2274 2430 2328 id
2452 2278 2771 2346 conjectura.

1937 2373 1988 2406 2.
2029 2354 2228 2407 Minime
2244 2353 2457 2424 firmam.
2490 2355 2710 2407 Vossius
2745 2374 2873 2427 pro-

1851 2434 2007 2502 ponit
2037 2437 2237 2485 mas-ime
2252 2432 2482 2503 fimum,
2500 2433 2653 2504 quia,
2671 2446 2735 2487 ut
2759 2436 2872 2506 ipse

1853 2512 1927 2564 ait
1944 2550 1961 2578 ,
2001 2532 2108 2565 non
2147 2513 2429 2566 verisimile
2458 2511 2670 2565 videtur
2701 2514 2873 2567 Caesa·

1850 2610 1964 2645 rem
2008 2593 2186 2664 gloriae
2225 2592 2621 2665 cupidissimum
2666 2608 2872 2665 partem

1851 2672 2152 2726 facillimam
2196 2674 2298 2726 sibi
2337 2674 2630 2745 sumpsisse.
2674 2674 2872 2745 Perpe-

1848 2769 1963 2803 ram
1998 2753 2110 2806 haec
2149 2755 2326 2805 omnia
2355 2771 2370 2806 ε
2402 2772 2514 2806 non
2548 2765 2658 2805 tam
2695 2755 2871 2818 enim,

1848 2844 1990 2884 recte
2007 2832 2180 2903 inquit
2201 2833 2443 2886 Clarkius
2456 2871 2472 2899 ,
2490 2831 2558 2885 de
2580 2833 2748 2903 gloria
2761 2833 2818 2887 h.
2832 2834 2868 2886 1.

1849 2911 2051 2982 agitur,
2076 2931 2235 2983 quam
2265 2911 2332 2964 de
2359 2911 2520 2964 modo
2549 2912 2726 2965 hostes
2749 2914 2871 2966 vin-

1848 2989 2020 3044 cendi.
2039 2990 2207 3043 Porro
2230 2992 2349 3063 quis
2367 2990 2576 3044 dubitat
2593 2993 2725 3063 quin
2751 2993 2872 3046 hos·

1849 3081 1926 3124 tes
1949 3072 2056 3124 sint
2079 3069 2415 3143 aggrediendi
2440 3089 2544 3143 qua
2569 3084 2718 3143 parte
2745 3086 2869 3125 sunt

1845 3151 2064 3203 minime
2081 3151 2222 3203 firmi
2235 3150 2259 3202 Ρ
2270 3181 2352 3194 --
2363 3151 2551 3202 Dextro
2569 3170 2730 3205 cornu.
2751 3151 2868 3204 Hoc

1844 3229 1964 3282 loco
1981 3268 1997 3298 ‚
2030 3230 2202 3301 agitur
2238 3229 2306 3283 de
2343 3229 2530 3284 dextro
2559 3249 2726 3284 cornu
2759 3233 2867 3284 Ro·

1845 3328 2143 3363 manorum.

1946 3389 1998 3442 3.
2042 3390 2245 3460 Rejectis
2291 3391 2423 3461 pilis.
2479 3382 2862 3464 Ᾱποῤῥίψαντες.

1845 3470 2110 3539 Anonym.
2138 3470 2277 3523 Celsi
2300 3470 2623 3541 exscriptor:
2634 3475 2867 3543 projectis

1844 3551 1996 3617 igitur
2023 3549 2301 3615 missilibus,
2324 3569 2395 3601 res
2423 3550 2604 3620 gladiis
2633 3563 2743 3603 acta
2774 3563 2864 3607 ese.

1844 3628 1965 3680 Dio.
1987 3646 2219 3694 xxxvxxx,
2237 3636 2343 3697 49.
2357 3630 2461 3682 Καὶ
2480 3629 2605 3683 οὕτω
2626 3650 2683 3700 γι
2711 3633 2862 3702 ὁμόσε

1843 3709 2005 3768 αὐτοῖς
2026 3699 2105 3775 (οἱ
2132 3694 2387 3779 Ρωμαῖοι)
2419 3709 2703 3780 ἐχώρησαν,
2736 3713 2861 3772 ὧςτι

1843 3789 1967 3856 σφᾶς
1999 3788 2125 3858 μήτε
2148 3791 2249 3848 τοῖς
2275 3791 2488 3854 κοντοῖς,
2510 3789 2636 3860 μήτε
2663 3793 2766 3851 τοῖς
2796 3792 2864 3853 ξί-

1840 3885 1948 3936 eset
1970 3871 2070 3927 τοῖς
2097 3870 2402 3939 μακροτέροις
2428 3869 2730 3939 χρήσασθαι·
2757 3871 2863 3922 ‹Mi-

1841 3946 1980 4005 ζοντό
1994 3967 2049 4000 τι
2065 3943 2163 4013 οὖν,
2174 3947 2258 4001 καὶ
2272 3950 2371 4008 τοῖς
2387 3948 2588 4019 σώμασι
2602 3950 2658 4001 τὸ
2676 3953 2861 4014 πλεῖον,

1839 4020 1872 4082 ’ἦ
1902 4031 2002 4089 τοῖς
2029 4028 2210 4094 ὅπλοις,
2239 4027 2498 4099 igitir-evro-

1922 4114 1974 4170 4.
1991 4108 2404 4177 Phalangesacta.
2419 4106 2548 4160 Vid.
2566 4127 2683 4179 sup.
2697 4126 2743 4160 c.
2768 4116 2856 4171 24.

1841 4185 2061 4240 Orosius
2090 4187 2300 4278 scripsit
2326 4187 2645 4253 Germanos,
2676 4199 2859 4240 coacto

1839 4264 1895 4318 in
1925 4284 2094 4321 unum
2124 4266 2362 4336 agmine,
2390 4267 2656 4339 scutisque
2698 4284 2856 4339 supra
