3111 5147
699 541 828 588 vm
1491 521 1549 589 E
1568 520 1621 588 P
1636 520 1669 588 I
1691 519 1737 589 S
1751 519 1810 588 T
1828 519 1893 588 Ο
1910 519 1969 587 L
1987 520 2048 587 A

698 641 978 712 Primus
1021 640 1167 739 agit
1204 639 1495 713 doctam
1535 666 1671 738 per
1713 638 1984 711 Gallica
2018 660 2243 736 regna
2280 636 2708 736 phalangem
2727 688 2747 724 ,

698 779 945 872 Regna
989 773 1125 847 sibi
1168 775 1466 848 lustrata
1501 772 1666 863 diu,
1713 775 1844 872 qui
1876 772 2063 846 ferre
2105 773 2422 872 priorem
2443 827 2462 860 ‚

698 910 799 978 Ut
834 908 1244 1006 quondam,
1289 905 1619 979 indocilis
1637 962 1658 997 ‚
1688 905 1942 980 crinali
1981 921 2054 979 et
2097 920 2428 1005 tempora
2468 903 2674 976 lauro

702 1039 922 1111 Calva
957 1052 1348 1112 coronatus
1367 1093 1388 1128 ,
1426 1039 1676 1112 Gallos
1720 1039 2085 1113 domuisse
2103 1096 2122 1129 ‚
2166 1037 2620 1138 triumphum

702 1169 1028 1243 Credidit
1073 1170 1429 1268 insignem
1476 1173 1711 1243 Caesar
1729 1226 1750 1262 ,
1787 1170 2217 1272 populoque
2258 1170 2547 1270 potenti

704 1302 1065 1373 Virtutem
1092 1301 1488 1399 ingenitam
1507 1315 1849 1401 expertus
1870 1301 1984 1375 bis
2007 1303 2336 1401 quinque
2357 1325 2488 1401 per
2506 1322 2740 1371 annos
2758 1352 2781 1388 ‚

699 1432 818 1505 Nil
859 1432 997 1504 sibi
1034 1434 1474 1507 vincendum
1493 1491 1513 1525 ,
1559 1450 1821 1534 praeter
1858 1450 1970 1526 te,
2014 1442 2281 1524 Roma,
2319 1435 2647 1533 putavit.¹

700 1569 914 1639 Nunc
955 1566 1215 1665 procul
1258 1594 1300 1640 a
1340 1570 1649 1669 strepitu
1687 1569 1951 1643 lituum
1968 1624 1988 1660 ‚
2027 1582 2101 1642 et
2139 1566 2466 1642 civilibus
2510 1568 2760 1639 armis²

697 1701 1181 1769 Intemeratus
1225 1697 1465 1771 adhuc
1484 1755 1504 1789 ‚
1548 1699 1682 1771 tibi
1715 1701 2089 1799 vectigalia
2131 1701 2380 1790 solvit3

698 1832 1219 1930 Romanusque
1261 1830 1485 1903 cliens
1530 1833 1712 1903 sistit
1754 1845 1828 1904 te
1865 1831 2109 1928 judice
2144 1832 2407 1922 libror„

699 1962 947 2034 Prodit
986 1960 1116 2034 ubi
1155 1961 1542 2035 historicus
1582 1962 1867 2054 calamo,
1897 1962 2256 2063 descripta
2290 1964 2639 2036 venusto³

698 2093 892 2165 Bella
911 2149 931 2185 ‚
976 2095 1395 2195 triumphali
1439 2121 1602 2194 quoe
1641 2094 1791 2167 dux
1829 2091 2235 2167 confecerat
2276 2118 2449 2167 ense
2487 2121 2502 2163 :

699 2231 739 2298 J
741 2251 872 2299 ure
916 2226 1215 2325 quidem
1257 2229 1555 2319 metuit,
1596 2252 1692 2300 ne
1736 2241 1810 2299 te
1850 2226 2166 2300 crudelia
2203 2224 2468 2297 laedant

699 2359 1055 2446 Vulnera,
1096 2362 1301 2461 queis
1341 2361 1515 2433 olim
1555 2361 1892 2432 laceravit
1930 2362 2203 2432 viscera
2242 2360 2478 2458 gentis

701 2490 914 2563 Unde
949 2517 1179 2592 genus
1219 2492 1420 2565 ducit
1458 2491 1781 2593 populus
1823 2491 1956 2562 tibi
2005 2505 2219 2563 natus
2259 2489 2570 2590 amando
2616 2519 2633 2561 z

702 2625 1058 2697 Classicus
1094 2650 1266 2698 ense
1296 2639 1541 2698 tamen
1558 2681 1577 2714 ‚
1595 2625 1866 2698 calamo
1893 2648 2192 2725 quoque
2223 2624 2607 2716 ClassicUS‚
2631 2624 2835 2698 urhis

700 2759 992 2856 Reginae
1033 2760 1271 2829 Genio
1312 2758 1669 2858 impulsus
1693 2813 1714 2847 ‚
1753 2756 2179 2830 submittere
2223 2756 2470 2830 Gallos

698 2887 973 2960 Debuit
1011 2891 1379 2989 inprimis,
1416 2905 1536 2978 ut,
1582 2891 1850 2963 Brenni
1891 2903 2107 2989 gente
2149 2887 2480 2980 subacta,

699 3019 913 3093 Ultus
955 3047 1127 3094 avos
1169 3036 1417 3122 posset
1455 3023 1655 3096 vocis
1689 3047 1994 3122 pensare
2031 3021 2360 3123 superbae

706 3152 1207 3253 opprobrium
1230 3210 1250 3244 ,
1298 3167 1372 3226 et
1414 3153 1633 3254 gladii
1675 3153 1914 3227 fatalia
1957 3152 2286 3253 pondera
2324 3155 2605 3242 victis;⁴

650 3305 655 3310 ·
699 3288 798 3356 Ut
835 3283 1119 3356 nullum
1161 3285 1240 3357 in
1280 3286 1487 3360 terris
1521 3292 1767 3358 Romae
1808 3287 2074 3359 servire
2122 3284 2450 3385 puderet.
2539 3373 2546 3380 ἢ

698 3424 765 3493 N
769 3443 851 3490 ec
893 3443 1024 3490 vos
1068 3420 1452 3518 poeniteat,
1500 3418 1717 3509 Galli,
1760 3418 2210 3518 indignantia
2243 3419 2369 3491 tali

701 3550 906 3623 Colla
946 3550 1228 3625 dedisse
1264 3553 1488 3652 jugo;
1524 3577 1696 3626 nam
1740 3566 1966 3626 terras
1993 3607 2014 3642 ‚
2058 3576 2351 3651 aequora
2393 3555 2604 3651 ponti
2623 3608 2644 3644 ,

698 3687 938 3781 Atque
982 3684 1223 3782 ipsum
1263 3684 1395 3781 qui
1437 3697 1701 3758 cuncta
1738 3708 1876 3758 suo
1915 3684 2100 3782 regit
2140 3682 2395 3758 ordine
2440 3685 2667 3758 solem
2684 3685 2734 3775 ‚⁵

699 3814 828 3887 Ille
873 3814 1011 3887 sibi
1045 3816 1516 3916 omnipotens
1557 3815 1877 3889 domitor
1918 3839 2172 3914 parere
2217 3818 2474 3917 coegit.

704 3948 777 4018 Si
811 3971 939 4019 sua
988 3947 1183 4022 dona
1228 3948 1362 4021 tibi
1404 3947 1771 4049 placeant,
1814 3963 1993 4022 tunc
2032 3952 2278 4024 omnia
2319 3953 2552 4022 Caesar

698 4083 872 4153 Acta
888 4135 907 4172 ‚
952 4080 1282 4183 nihilque
1332 4081 1470 4158 sibi
1509 4083 1803 4159 tandem
1841 4082 2207 4184 reputabit
2251 4081 2634 4182 agendum.
2659 4078 2688 4122 ⁶
