<?xml version="1.0" encoding="UTF-8"?>
<!DOCTYPE html PUBLIC "-//W3C//DTD XHTML 1.0 Transitional//EN"
    "http://www.w3.org/TR/xhtml1/DTD/xhtml1-transitional.dtd">
<html xmlns="http://www.w3.org/1999/xhtml" xml:lang="en" lang="en">
 <head>
  <title>
</title>
<meta http-equiv="Content-Type" content="text/html;charset=utf-8" />
  <meta name='ocr-system' content='tesseract 3.04.00' />
  <meta name='ocr-capabilities' content='ocr_page ocr_carea ocr_par ocr_line ocrx_word'/>
</head>
<body>
  <div class='ocr_page' id='page_1' title='image "./caesaradbodices00caesgoog_0533.png"; bbox 0 0 3111 5147; ppageno 0'>
   <div class='ocr_carea' id='block_1_1' title="bbox 950 546 2325 647">
    <p class='ocr_par' dir='ltr' id='par_1_1' title="bbox 950 546 2325 647">
     <span class='ocr_line' id='line_1_1' title="bbox 950 546 2325 647; baseline 0.007 -32"><span class='ocrx_word' id='word_1_1' title='bbox 950 549 1081 616; x_wconf 83' lang='lat' dir='ltr'>ET</span> <span class='ocrx_word' id='word_1_2' title='bbox 1135 546 1552 617; x_wconf 76' lang='lat' dir='ltr'><strong>GALLIS.</strong></span> <span class='ocrx_word' id='word_1_3' title='bbox 2175 551 2325 647; x_wconf 70' lang='lat'>495</span> 
     </span>
    </p>
   </div>
   <div class='ocr_carea' id='block_1_2' title="bbox 107 678 2360 4296">
    <p class='ocr_par' dir='ltr' id='par_1_2' title="bbox 107 678 2360 4296">
     <span class='ocr_line' id='line_1_2' title="bbox 177 678 2331 775; baseline 0.001 -22"><span class='ocrx_word' id='word_1_4' title='bbox 177 705 422 753; x_wconf 86' lang='lat' dir='ltr'>eorum</span> <span class='ocrx_word' id='word_1_5' title='bbox 459 703 625 748; x_wconf 73' lang='lat' dir='ltr'>auro</span> <span class='ocrx_word' id='word_1_6' title='bbox 653 678 1117 775; x_wconf 79' lang='lat' dir='ltr'>coloribusque</span> <span class='ocrx_word' id='word_1_7' title='bbox 1141 682 1509 775; x_wconf 78' lang='lat' dir='ltr'>variegatas</span> <span class='ocrx_word' id='word_1_8' title='bbox 1539 679 1833 750; x_wconf 90' lang='lat' dir='ltr'>habeant</span> <span class='ocrx_word' id='word_1_9' title='bbox 1860 697 2092 754; x_wconf 82' lang='lat' dir='ltr'>vestes.</span> <span class='ocrx_word' id='word_1_10' title='bbox 2127 687 2331 775; x_wconf 88' lang='lat' dir='ltr'>Quod</span> 
     </span>
     <span class='ocr_line' id='line_1_3' title="bbox 178 780 2334 887; baseline 0 -29"><span class='ocrx_word' id='word_1_11' title='bbox 178 789 428 859; x_wconf 85' lang='lat' dir='ltr'>Strabo</span> <span class='ocrx_word' id='word_1_12' title='bbox 471 785 693 874; x_wconf 80' lang='lat' dir='ltr'>addit,</span> <span class='ocrx_word' id='word_1_13' title='bbox 740 785 843 854; x_wconf 80' lang='grc' dir='ltr'>καὶ</span> <span class='ocrx_word' id='word_1_14' title='bbox 888 790 957 853; x_wconf 83' lang='grc' dir='ltr'>οὐ</span> <span class='ocrx_word' id='word_1_15' title='bbox 1007 780 1320 880; x_wconf 75' lang='grc' dir='ltr'><strong>νομίζεται</strong></span> <span class='ocrx_word' id='word_1_16' title='bbox 1363 790 1510 882; x_wconf 82' lang='grc' dir='ltr'>παρ’</span> <span class='ocrx_word' id='word_1_17' title='bbox 1568 791 1774 867; x_wconf 80' lang='grc' dir='ltr'>αὐτοῖς</span> <span class='ocrx_word' id='word_1_18' title='bbox 1815 788 2090 887; x_wconf 83' lang='grc' dir='ltr'>αἰσχρὸν</span> <span class='ocrx_word' id='word_1_19' title='bbox 2101 794 2177 859; x_wconf 83' lang='grc' dir='ltr'>τὸ</span> <span class='ocrx_word' id='word_1_20' title='bbox 2220 805 2334 873; x_wconf 74' lang='grc' dir='ltr'>τῆς</span> 
     </span>
     <span class='ocr_line' id='line_1_4' title="bbox 180 875 2335 992; baseline 0.002 -29"><span class='ocrx_word' id='word_1_21' title='bbox 180 897 389 989; x_wconf 77' lang='grc' dir='ltr'>ἀκμῆς</span> <span class='ocrx_word' id='word_1_22' title='bbox 419 886 688 987; x_wconf 74' lang='grc' dir='ltr'>ἀφειδεῖν</span> <span class='ocrx_word' id='word_1_23' title='bbox 728 893 874 971; x_wconf 75' lang='grc' dir='ltr'>τοὺς</span> <span class='ocrx_word' id='word_1_24' title='bbox 906 894 1105 978; x_wconf 76' lang='grc' dir='ltr'><strong>νέους,</strong></span> <span class='ocrx_word' id='word_1_25' title='bbox 1135 892 1374 963; x_wconf 84' lang='lat' dir='ltr'>falsum</span> <span class='ocrx_word' id='word_1_26' title='bbox 1409 919 1682 988; x_wconf 88' lang='lat' dir='ltr'>prorsus</span> <span class='ocrx_word' id='word_1_27' title='bbox 1710 909 1845 984; x_wconf 90' lang='lat' dir='ltr'>est,</span> <span class='ocrx_word' id='word_1_28' title='bbox 1870 898 1994 966; x_wconf 89' lang='lat' dir='ltr'>nisi</span> <span class='ocrx_word' id='word_1_29' title='bbox 2025 875 2335 992; x_wconf 80' lang='lat' dir='ltr'>loquatur</span> 
     </span>
     <span class='ocr_line' id='line_1_5' title="bbox 180 997 2337 1101; baseline 0.001 -30"><span class='ocrx_word' id='word_1_30' title='bbox 180 1002 273 1072; x_wconf 91' lang='lat' dir='ltr'>de</span> <span class='ocrx_word' id='word_1_31' title='bbox 311 999 520 1073; x_wconf 86' lang='lat' dir='ltr'>Gallis</span> <span class='ocrx_word' id='word_1_32' title='bbox 554 997 1153 1095; x_wconf 79' lang='lat' dir='ltr'>provincialibus,</span> <span class='ocrx_word' id='word_1_33' title='bbox 1130 1025 1270 1095; x_wconf 79' lang='lat' dir='ltr'>Jam</span> <span class='ocrx_word' id='word_1_34' title='bbox 1306 1008 1586 1070; x_wconf 84' lang='lat' dir='ltr'>romano</span> <span class='ocrx_word' id='word_1_35' title='bbox 1627 1005 2031 1074; x_wconf 89' lang='lat' dir='ltr'>commercio</span> <span class='ocrx_word' id='word_1_36' title='bbox 2068 1030 2337 1101; x_wconf 87' lang='lat' dir='ltr'>corrup·</span> 
     </span>
     <span class='ocr_line' id='line_1_6' title="bbox 185 1105 2334 1202; baseline 0 -23"><span class='ocrx_word' id='word_1_37' title='bbox 185 1112 277 1179; x_wconf 81' lang='lat' dir='ltr'>tis</span> <span class='ocrx_word' id='word_1_38' title='bbox 311 1122 511 1202; x_wconf 89' lang='lat' dir='ltr'>atque</span> <span class='ocrx_word' id='word_1_39' title='bbox 538 1106 951 1193; x_wconf 80' lang='lat' dir='ltr'>effeminatis.</span> <span class='ocrx_word' id='word_1_40' title='bbox 982 1105 1212 1177; x_wconf 83' lang='lat' dir='ltr'>Gallos</span> <span class='ocrx_word' id='word_1_41' title='bbox 1252 1131 1669 1202; x_wconf 84' lang='lat' dir='ltr'><strong>nequaquam</strong></span> <span class='ocrx_word' id='word_1_42' title='bbox 1706 1133 1778 1177; x_wconf 88' lang='lat' dir='ltr'>se</span> <span class='ocrx_word' id='word_1_43' title='bbox 1805 1109 1938 1179; x_wconf 85' lang='lat' dir='ltr'>hoc</span> <span class='ocrx_word' id='word_1_44' title='bbox 1972 1111 2135 1179; x_wconf 83' lang='lat' dir='ltr'>vitio</span> <span class='ocrx_word' id='word_1_45' title='bbox 2175 1136 2334 1180; x_wconf 86' lang='lat' dir='ltr'>con-</span> 
     </span>
     <span class='ocr_line' id='line_1_7' title="bbox 181 1212 2335 1311; baseline 0.001 -27"><span class='ocrx_word' id='word_1_46' title='bbox 181 1217 519 1285; x_wconf 85' lang='lat' dir='ltr'>taminare</span> <span class='ocrx_word' id='word_1_47' title='bbox 543 1212 768 1284; x_wconf 82' lang='lat' dir='ltr'>solitos</span> <span class='ocrx_word' id='word_1_48' title='bbox 794 1213 993 1282; x_wconf 86' lang='lat' dir='ltr'>fuisse</span> <span class='ocrx_word' id='word_1_49' title='bbox 1014 1239 1225 1311; x_wconf 84' lang='lat' dir='ltr'>prope</span> <span class='ocrx_word' id='word_1_50' title='bbox 1255 1214 1731 1284; x_wconf 80' lang='lat' dir='ltr'>affirmaverim</span> <span class='ocrx_word' id='word_1_51' title='bbox 1760 1242 1776 1283; x_wconf 92' lang='lat'>:</span> <span class='ocrx_word' id='word_1_52' title='bbox 1803 1231 1872 1285; x_wconf 87' lang='lat' dir='ltr'>et</span> <span class='ocrx_word' id='word_1_53' title='bbox 1891 1216 2335 1286; x_wconf 85' lang='lat' dir='ltr'>infirmissima</span> 
     </span>
     <span class='ocr_line' id='line_1_8' title="bbox 183 1321 2339 1416; baseline 0 -24"><span class='ocrx_word' id='word_1_54' title='bbox 183 1336 631 1416; x_wconf 78' lang='lat' dir='ltr'>contortaque</span> <span class='ocrx_word' id='word_1_55' title='bbox 675 1321 947 1390; x_wconf 85' lang='lat' dir='ltr'>omnino</span> <span class='ocrx_word' id='word_1_56' title='bbox 985 1337 1085 1390; x_wconf 89' lang='lat' dir='ltr'>est</span> <span class='ocrx_word' id='word_1_57' title='bbox 1118 1323 1325 1409; x_wconf 90' lang='lat' dir='ltr'>ratio,</span> <span class='ocrx_word' id='word_1_58' title='bbox 1362 1345 1562 1416; x_wconf 84' lang='lat' dir='ltr'>quam</span> <span class='ocrx_word' id='word_1_59' title='bbox 1604 1323 1671 1390; x_wconf 91' lang='lat' dir='ltr'>in</span> <span class='ocrx_word' id='word_1_60' title='bbox 1712 1322 2004 1392; x_wconf 87' lang='lat' dir='ltr'>medium</span> <span class='ocrx_word' id='word_1_61' title='bbox 2043 1322 2339 1393; x_wconf 82' lang='lat' dir='ltr'>afferunt</span> 
     </span>
     <span class='ocr_line' id='line_1_9' title="bbox 185 1426 2337 1523; baseline 0.002 -26"><span class='ocrx_word' id='word_1_62' title='bbox 185 1431 266 1497; x_wconf 90' lang='lat' dir='ltr'>in</span> <span class='ocrx_word' id='word_1_63' title='bbox 301 1429 437 1498; x_wconf 87' lang='lat' dir='ltr'>suis</span> <span class='ocrx_word' id='word_1_64' title='bbox 486 1429 661 1497; x_wconf 90' lang='lat' dir='ltr'>notis</span> <span class='ocrx_word' id='word_1_65' title='bbox 704 1440 1010 1497; x_wconf 79' lang='lat' dir='ltr'><strong>auctores</strong></span> <span class='ocrx_word' id='word_1_66' title='bbox 1052 1429 1614 1523; x_wconf 82' lang='lat' dir='ltr'>interpretationis</span> <span class='ocrx_word' id='word_1_67' title='bbox 1651 1426 1900 1522; x_wconf 78' lang='lat' dir='ltr'>gallicae</span> <span class='ocrx_word' id='word_1_68' title='bbox 1956 1430 2337 1520; x_wconf 83' lang='lat' dir='ltr'>Strabonis,</span> 
     </span>
     <span class='ocr_line' id='line_1_10' title="bbox 187 1531 2339 1630; baseline 0 -25"><span class='ocrx_word' id='word_1_69' title='bbox 187 1550 239 1605; x_wconf 87' lang='lat' dir='ltr'>t.</span> <span class='ocrx_word' id='word_1_70' title='bbox 297 1558 389 1622; x_wconf 87' lang='lat'>11,</span> <span class='ocrx_word' id='word_1_71' title='bbox 439 1559 503 1628; x_wconf 90' lang='lat' dir='ltr'>p.</span> <span class='ocrx_word' id='word_1_72' title='bbox 554 1531 674 1630; x_wconf 83' lang='lat'>75.</span> <span class='ocrx_word' id='word_1_73' title='bbox 731 1535 788 1601; x_wconf 90' lang='lat' dir='ltr'>Ii</span> <span class='ocrx_word' id='word_1_74' title='bbox 848 1536 1092 1630; x_wconf 82' lang='lat' dir='ltr'>quippe</span> <span class='ocrx_word' id='word_1_75' title='bbox 1147 1534 1378 1604; x_wconf 87' lang='lat' dir='ltr'>dicunt</span> <span class='ocrx_word' id='word_1_76' title='bbox 1426 1561 1441 1602; x_wconf 74' lang='grc' dir='ltr'>ε</span> <span class='ocrx_word' id='word_1_77' title='bbox 1493 1537 1568 1603; x_wconf 88' lang='lat' dir='ltr'>Il</span> <span class='ocrx_word' id='word_1_78' title='bbox 1602 1550 1711 1603; x_wconf 85' lang='lat' dir='ltr'>est</span> <span class='ocrx_word' id='word_1_79' title='bbox 1747 1537 2028 1623; x_wconf 74' lang='grc' dir='ltr'><strong><em>ιἠιιτὶἰε,</em></strong></span> <span class='ocrx_word' id='word_1_80' title='bbox 2079 1562 2339 1606; x_wconf 82' lang='lat' dir='ltr'>comme</span> 
     </span>
     <span class='ocr_line' id='line_1_11' title="bbox 185 1634 2337 1729; baseline 0.001 -17"><span class='ocrx_word' id='word_1_81' title='bbox 185 1639 523 1712; x_wconf 74' lang='lat' dir='ltr'>l’obsetve</span> <span class='ocrx_word' id='word_1_82' title='bbox 575 1640 985 1729; x_wconf 78' lang='lat' dir='ltr'>casaubon,</span> <span class='ocrx_word' id='word_1_83' title='bbox 1029 1642 1119 1710; x_wconf 85' lang='lat' dir='ltr'>de</span> <span class='ocrx_word' id='word_1_84' title='bbox 1166 1641 1484 1711; x_wconf 74' lang='lat' dir='ltr'>eherclzer</span> <span class='ocrx_word' id='word_1_85' title='bbox 1528 1634 1579 1708; x_wconf 83' lang='grc' dir='ltr'><em>ὰ</em></span> <span class='ocrx_word' id='word_1_86' title='bbox 1623 1640 1965 1711; x_wconf 78' lang='lat' dir='ltr'>absoudre</span> <span class='ocrx_word' id='word_1_87' title='bbox 1998 1644 2098 1713; x_wconf 81' lang='lat' dir='ltr'>les</span> <span class='ocrx_word' id='word_1_88' title='bbox 2138 1647 2337 1714; x_wconf 81' lang='lat' dir='ltr'><strong><em>Gau—</em></strong></span> 
     </span>
     <span class='ocr_line' id='line_1_12' title="bbox 189 1746 2340 1842; baseline 0 -23"><span class='ocrx_word' id='word_1_89' title='bbox 189 1750 330 1819; x_wconf 81' lang='lat' dir='ltr'>lois</span> <span class='ocrx_word' id='word_1_90' title='bbox 369 1746 458 1818; x_wconf 82' lang='lat' dir='ltr'>de</span> <span class='ocrx_word' id='word_1_91' title='bbox 490 1762 669 1817; x_wconf 80' lang='lat' dir='ltr'>cette</span> <span class='ocrx_word' id='word_1_92' title='bbox 719 1754 1141 1818; x_wconf 79' lang='lat' dir='ltr'>accusation.</span> <span class='ocrx_word' id='word_1_93' title='bbox 1188 1750 1400 1820; x_wconf 79' lang='lat' dir='ltr'>Outre</span> <span class='ocrx_word' id='word_1_94' title='bbox 1443 1772 1578 1842; x_wconf 83' lang='lat' dir='ltr'>que</span> <span class='ocrx_word' id='word_1_95' title='bbox 1630 1747 1933 1819; x_wconf 83' lang='lat' dir='ltr'>Strabon</span> <span class='ocrx_word' id='word_1_96' title='bbox 1956 1803 1979 1837; x_wconf 91' lang='lat'>,</span> <span class='ocrx_word' id='word_1_97' title='bbox 2033 1751 2340 1821; x_wconf 79' lang='lat' dir='ltr'>Diodore</span> 
     </span>
     <span class='ocr_line' id='line_1_13' title="bbox 188 1846 2340 1951; baseline -0.001 -24"><span class='ocrx_word' id='word_1_98' title='bbox 188 1854 287 1926; x_wconf 78' lang='lat' dir='ltr'>de</span> <span class='ocrx_word' id='word_1_99' title='bbox 328 1854 534 1927; x_wconf 72' lang='lat' dir='ltr'>Sicile</span> <span class='ocrx_word' id='word_1_100' title='bbox 572 1868 647 1923; x_wconf 82' lang='lat' dir='ltr'>et</span> <span class='ocrx_word' id='word_1_101' title='bbox 685 1846 1000 1924; x_wconf 75' lang='grc' dir='ltr'><strong><em>ΑιΙιέιιέε</em></strong></span> <span class='ocrx_word' id='word_1_102' title='bbox 1055 1879 1141 1924; x_wconf 84' lang='lat' dir='ltr'>en</span> <span class='ocrx_word' id='word_1_103' title='bbox 1174 1856 1510 1951; x_wconf 71' lang='lat' dir='ltr'>par-lent,</span> <span class='ocrx_word' id='word_1_104' title='bbox 1552 1857 1868 1924; x_wconf 59' lang='lat' dir='ltr'>Artis-tote</span> <span class='ocrx_word' id='word_1_105' title='bbox 1895 1857 2064 1947; x_wconf 78' lang='lat' dir='ltr'>fait</span> <span class='ocrx_word' id='word_1_106' title='bbox 2105 1857 2179 1925; x_wconf 84' lang='lat' dir='ltr'>la</span> <span class='ocrx_word' id='word_1_107' title='bbox 2226 1882 2340 1925; x_wconf 75' lang='grc' dir='ltr'>νε·</span> 
     </span>
     <span class='ocr_line' id='line_1_14' title="bbox 190 1956 2338 2057; baseline 0.001 -26"><span class='ocrx_word' id='word_1_108' title='bbox 190 1984 486 2057; x_wconf 71' lang='lat' dir='ltr'>mar-que</span> <span class='ocrx_word' id='word_1_109' title='bbox 511 1984 646 2055; x_wconf 82' lang='lat' dir='ltr'>que</span> <span class='ocrx_word' id='word_1_110' title='bbox 671 1961 771 2029; x_wconf 84' lang='lat' dir='ltr'>les</span> <span class='ocrx_word' id='word_1_111' title='bbox 794 1962 1082 2057; x_wconf 82' lang='lat' dir='ltr'>peuples</span> <span class='ocrx_word' id='word_1_112' title='bbox 1116 1967 1242 2056; x_wconf 80' lang='lat' dir='ltr'>qui</span> <span class='ocrx_word' id='word_1_113' title='bbox 1269 1986 1358 2030; x_wconf 83' lang='lat' dir='ltr'>ne</span> <span class='ocrx_word' id='word_1_114' title='bbox 1390 1967 1832 2031; x_wconf 68' lang='lat' dir='ltr'>connaLssent</span> <span class='ocrx_word' id='word_1_115' title='bbox 1862 1963 1938 2032; x_wconf 88' lang='lat' dir='ltr'>d&#39;</span> <span class='ocrx_word' id='word_1_116' title='bbox 1937 1977 2171 2032; x_wconf 82' lang='lat' dir='ltr'><em>autres</em></span> <span class='ocrx_word' id='word_1_117' title='bbox 2203 1956 2338 2034; x_wconf 74' lang='grc' dir='ltr'><strong><em>πιέ-</em></strong></span> 
     </span>
     <span class='ocr_line' id='line_1_15' title="bbox 192 2061 2342 2164; baseline 0.002 -27"><span class='ocrx_word' id='word_1_118' title='bbox 192 2074 334 2139; x_wconf 82' lang='lat' dir='ltr'>tier·</span> <span class='ocrx_word' id='word_1_119' title='bbox 377 2091 512 2163; x_wconf 71' lang='lat' dir='ltr'>que</span> <span class='ocrx_word' id='word_1_120' title='bbox 558 2069 739 2136; x_wconf 73' lang='lat' dir='ltr'>celui</span> <span class='ocrx_word' id='word_1_121' title='bbox 784 2068 907 2137; x_wconf 81' lang='lat' dir='ltr'>des</span> <span class='ocrx_word' id='word_1_122' title='bbox 956 2091 1183 2137; x_wconf 74' lang='lat' dir='ltr'>annes</span> <span class='ocrx_word' id='word_1_123' title='bbox 1201 2121 1224 2155; x_wconf 92' lang='lat'>,</span> <span class='ocrx_word' id='word_1_124' title='bbox 1290 2084 1453 2138; x_wconf 87' lang='lat' dir='ltr'>sont</span> <span class='ocrx_word' id='word_1_125' title='bbox 1485 2061 1732 2164; x_wconf 70' lang='lat' dir='ltr'>portes</span> <span class='ocrx_word' id='word_1_126' title='bbox 1775 2062 1826 2136; x_wconf 82' lang='grc' dir='ltr'><em>ὰ</em></span> <span class='ocrx_word' id='word_1_127' title='bbox 1880 2070 1935 2137; x_wconf 91' lang='lat' dir='ltr'>l’</span> <span class='ocrx_word' id='word_1_128' title='bbox 1933 2094 2180 2139; x_wconf 78' lang='lat' dir='ltr'>amour</span> <span class='ocrx_word' id='word_1_129' title='bbox 2219 2071 2342 2141; x_wconf 85' lang='lat' dir='ltr'>des</span> 
     </span>
     <span class='ocr_line' id='line_1_16' title="bbox 159 2164 2344 2271; baseline 0.001 -27"><span class='ocrx_word' id='word_1_130' title='bbox 159 2175 483 2269; x_wconf 65' lang='lat' dir='ltr'>flemme-5</span> <span class='ocrx_word' id='word_1_131' title='bbox 495 2227 518 2261; x_wconf 91' lang='lat'>,</span> <span class='ocrx_word' id='word_1_132' title='bbox 564 2198 656 2243; x_wconf 87' lang='lat' dir='ltr'>ou</span> <span class='ocrx_word' id='word_1_133' title='bbox 692 2166 742 2241; x_wconf 84' lang='grc' dir='ltr'><em>ὰ</em></span> <span class='ocrx_word' id='word_1_134' title='bbox 790 2175 865 2243; x_wconf 86' lang='lat' dir='ltr'>la</span> <span class='ocrx_word' id='word_1_135' title='bbox 886 2164 1304 2270; x_wconf 60' lang='lat' dir='ltr'>pedem-scie.</span> <span class='ocrx_word' id='word_1_136' title='bbox 1350 2177 1459 2246; x_wconf 84' lang='lat' dir='ltr'>On</span> <span class='ocrx_word' id='word_1_137' title='bbox 1494 2181 1827 2271; x_wconf 73' lang='lat' dir='ltr'>pout-mit</span> <span class='ocrx_word' id='word_1_138' title='bbox 1870 2178 2231 2271; x_wconf 58' lang='grc' dir='ltr'>εωρῶμεν</span> <span class='ocrx_word' id='word_1_139' title='bbox 2279 2179 2344 2246; x_wconf 86' lang='lat' dir='ltr'>le</span> 
     </span>
     <span class='ocr_line' id='line_1_17' title="bbox 182 2274 2341 2407; baseline 0 -56"><span class='ocrx_word' id='word_1_140' title='bbox 182 2282 550 2407; x_wconf 66' lang='lat' dir='ltr'>pendeant</span> <span class='ocrx_word' id='word_1_141' title='bbox 589 2280 678 2350; x_wconf 88' lang='lat' dir='ltr'>de</span> <span class='ocrx_word' id='word_1_142' title='bbox 732 2304 912 2351; x_wconf 73' lang='lat' dir='ltr'>ceux</span> <span class='ocrx_word' id='word_1_143' title='bbox 949 2286 1079 2374; x_wconf 76' lang='lat' dir='ltr'>qui</span> <span class='ocrx_word' id='word_1_144' title='bbox 1111 2297 1276 2351; x_wconf 83' lang='lat' dir='ltr'>sont</span> <span class='ocrx_word' id='word_1_145' title='bbox 1310 2274 1559 2376; x_wconf 63' lang='lat' dir='ltr'>portes</span> <span class='ocrx_word' id='word_1_146' title='bbox 1586 2278 1829 2377; x_wconf 83' lang='lat' dir='ltr'>plutot</span> <span class='ocrx_word' id='word_1_147' title='bbox 1872 2276 1922 2350; x_wconf 83' lang='grc' dir='ltr'><em>ὰ</em></span> <span class='ocrx_word' id='word_1_148' title='bbox 1965 2296 2141 2351; x_wconf 84' lang='lat' dir='ltr'>cette</span> <span class='ocrx_word' id='word_1_149' title='bbox 2181 2282 2341 2352; x_wconf 82' lang='lat' dir='ltr'>der-</span> 
     </span>
     <span class='ocr_line' id='line_1_18' title="bbox 195 2384 2337 2485; baseline 0 -26"><span class='ocrx_word' id='word_1_150' title='bbox 195 2384 388 2459; x_wconf 50' lang='lat' dir='ltr'>mere</span> <span class='ocrx_word' id='word_1_151' title='bbox 411 2393 746 2485; x_wconf 81' lang='lat' dir='ltr'>passion,</span> <span class='ocrx_word' id='word_1_152' title='bbox 781 2411 933 2484; x_wconf 78' lang='lat' dir='ltr'>par</span> <span class='ocrx_word' id='word_1_153' title='bbox 972 2388 1578 2459; x_wconf 76' lang='lat' dir='ltr'>l’asservissement</span> <span class='ocrx_word' id='word_1_154' title='bbox 1592 2390 1763 2485; x_wconf 83' lang='lat' dir='ltr'>plus</span> <span class='ocrx_word' id='word_1_155' title='bbox 1788 2413 1881 2458; x_wconf 82' lang='lat' dir='ltr'>ou</span> <span class='ocrx_word' id='word_1_156' title='bbox 1914 2394 2135 2458; x_wconf 84' lang='lat' dir='ltr'>moins</span> <span class='ocrx_word' id='word_1_157' title='bbox 2172 2389 2337 2478; x_wconf 73' lang='lat' dir='ltr'>dur,</span> 
     </span>
     <span class='ocr_line' id='line_1_19' title="bbox 198 2486 2345 2593; baseline 0 -27"><span class='ocrx_word' id='word_1_158' title='bbox 198 2520 298 2566; x_wconf 87' lang='lat' dir='ltr'>ou</span> <span class='ocrx_word' id='word_1_159' title='bbox 336 2496 434 2565; x_wconf 80' lang='lat' dir='ltr'>les</span> <span class='ocrx_word' id='word_1_160' title='bbox 442 2495 754 2589; x_wconf 67' lang='lat' dir='ltr'>fimmes</span> <span class='ocrx_word' id='word_1_161' title='bbox 791 2510 954 2565; x_wconf 79' lang='lat' dir='ltr'>sont</span> <span class='ocrx_word' id='word_1_162' title='bbox 982 2486 1279 2565; x_wconf 74' lang='lat' dir='ltr'>re&#39;duztes</span> <span class='ocrx_word' id='word_1_163' title='bbox 1317 2495 1483 2567; x_wconf 78' lang='lat' dir='ltr'>ckez</span> <span class='ocrx_word' id='word_1_164' title='bbox 1508 2519 1813 2592; x_wconf 78' lang='lat' dir='ltr'>presque</span> <span class='ocrx_word' id='word_1_165' title='bbox 1846 2511 2001 2565; x_wconf 85' lang='lat' dir='ltr'>tous</span> <span class='ocrx_word' id='word_1_166' title='bbox 2040 2496 2139 2564; x_wconf 81' lang='lat' dir='ltr'>les</span> <span class='ocrx_word' id='word_1_167' title='bbox 2156 2520 2345 2593; x_wconf 84' lang='lat' dir='ltr'>peu·-</span> 
     </span>
     <span class='ocr_line' id='line_1_20' title="bbox 191 2602 2345 2700; baseline 0 -28"><span class='ocrx_word' id='word_1_168' title='bbox 191 2604 356 2700; x_wconf 80' lang='lat' dir='ltr'>ples</span> <span class='ocrx_word' id='word_1_169' title='bbox 412 2602 762 2672; x_wconf 70' lang='lat' dir='ltr'>barbam.</span> <span class='ocrx_word' id='word_1_170' title='bbox 812 2605 901 2672; x_wconf 82' lang='lat' dir='ltr'>At</span> <span class='ocrx_word' id='word_1_171' title='bbox 915 2658 935 2690; x_wconf 93' lang='lat'>,</span> <span class='ocrx_word' id='word_1_172' title='bbox 984 2626 1149 2697; x_wconf 85' lang='lat' dir='ltr'>pace</span> <span class='ocrx_word' id='word_1_173' title='bbox 1200 2604 1580 2673; x_wconf 86' lang='lat' dir='ltr'>Casauboni</span> <span class='ocrx_word' id='word_1_174' title='bbox 1635 2617 1706 2672; x_wconf 91' lang='lat' dir='ltr'>et</span> <span class='ocrx_word' id='word_1_175' title='bbox 1754 2603 2345 2674; x_wconf 84' lang='lat' dir='ltr'>eruditissimorum</span> 
     </span>
     <span class='ocr_line' id='line_1_21' title="bbox 202 2708 2341 2805; baseline -0.001 -25"><span class='ocrx_word' id='word_1_176' title='bbox 202 2709 554 2780; x_wconf 81' lang='lat' dir='ltr'>Strabonis</span> <span class='ocrx_word' id='word_1_177' title='bbox 592 2710 1065 2803; x_wconf 83' lang='lat' dir='ltr'>interpretum,</span> <span class='ocrx_word' id='word_1_178' title='bbox 1102 2734 1316 2804; x_wconf 85' lang='lat' dir='ltr'>pauca</span> <span class='ocrx_word' id='word_1_179' title='bbox 1359 2708 1624 2780; x_wconf 81' lang='lat' dir='ltr'>lectoris</span> <span class='ocrx_word' id='word_1_180' title='bbox 1651 2708 1902 2802; x_wconf 86' lang='lat' dir='ltr'>judicio</span> <span class='ocrx_word' id='word_1_181' title='bbox 1945 2712 2341 2805; x_wconf 84' lang='lat' dir='ltr'>permittam.</span> 
     </span>
     <span class='ocr_line' id='line_1_22' title="bbox 107 2815 2347 2910; baseline -0.001 -24"><span class='ocrx_word' id='word_1_182' title='bbox 107 2887 118 2894; x_wconf 83' lang='grc'><strong>,</strong></span> <span class='ocrx_word' id='word_1_183' title='bbox 203 2818 296 2886; x_wconf 94' lang='lat' dir='ltr'>Et</span> <span class='ocrx_word' id='word_1_184' title='bbox 338 2818 627 2910; x_wconf 87' lang='lat' dir='ltr'>primum</span> <span class='ocrx_word' id='word_1_185' title='bbox 672 2816 757 2884; x_wconf 90' lang='lat' dir='ltr'>de</span> <span class='ocrx_word' id='word_1_186' title='bbox 793 2815 1121 2885; x_wconf 85' lang='lat' dir='ltr'>Strabone</span> <span class='ocrx_word' id='word_1_187' title='bbox 1161 2816 1302 2909; x_wconf 87' lang='lat' dir='ltr'>jam</span> <span class='ocrx_word' id='word_1_188' title='bbox 1351 2815 1486 2883; x_wconf 75' lang='lat' dir='ltr'>dixi</span> <span class='ocrx_word' id='word_1_189' title='bbox 1524 2841 1539 2883; x_wconf 75' lang='grc' dir='ltr'>ε</span> <span class='ocrx_word' id='word_1_190' title='bbox 1583 2829 1898 2910; x_wconf 77' lang='lat' dir='ltr'>praeterea</span> <span class='ocrx_word' id='word_1_191' title='bbox 1940 2818 2347 2885; x_wconf 87' lang='lat' dir='ltr'>contentioni</span> 
     </span>
     <span class='ocr_line' id='line_1_23' title="bbox 206 2920 2346 3017; baseline -0 -25"><span class='ocrx_word' id='word_1_192' title='bbox 206 2923 500 2992; x_wconf 84' lang='lat' dir='ltr'>obnoxia</span> <span class='ocrx_word' id='word_1_193' title='bbox 523 2936 625 2992; x_wconf 89' lang='lat' dir='ltr'>est</span> <span class='ocrx_word' id='word_1_194' title='bbox 651 2923 795 3017; x_wconf 84' lang='lat' dir='ltr'>ipsa</span> <span class='ocrx_word' id='word_1_195' title='bbox 826 2922 1168 2992; x_wconf 89' lang='lat' dir='ltr'>Strabonis</span> <span class='ocrx_word' id='word_1_196' title='bbox 1197 2920 1393 2993; x_wconf 86' lang='lat' dir='ltr'>lectio</span> <span class='ocrx_word' id='word_1_197' title='bbox 1413 2975 1431 3009; x_wconf 91' lang='lat'>,</span> <span class='ocrx_word' id='word_1_198' title='bbox 1462 2936 1531 2990; x_wconf 87' lang='lat' dir='ltr'>et</span> <span class='ocrx_word' id='word_1_199' title='bbox 1557 2923 1797 2990; x_wconf 87' lang='lat' dir='ltr'>merito</span> <span class='ocrx_word' id='word_1_200' title='bbox 1821 2920 2346 3017; x_wconf 81' lang='lat' dir='ltr'>interpolationis</span> 
     </span>
     <span class='ocr_line' id='line_1_24' title="bbox 207 3027 2346 3124; baseline -0.002 -24"><span class='ocrx_word' id='word_1_201' title='bbox 207 3044 553 3124; x_wconf 81' lang='lat' dir='ltr'>suspecta,</span> <span class='ocrx_word' id='word_1_202' title='bbox 590 3043 867 3124; x_wconf 90' lang='lat' dir='ltr'>propter</span> <span class='ocrx_word' id='word_1_203' title='bbox 903 3028 1289 3099; x_wconf 82' lang='lat' dir='ltr'>cohaesionis</span> <span class='ocrx_word' id='word_1_204' title='bbox 1328 3027 1664 3097; x_wconf 84' lang='lat' dir='ltr'>defectum</span> <span class='ocrx_word' id='word_1_205' title='bbox 1701 3027 2060 3096; x_wconf 85' lang='lat' dir='ltr'>verborum</span> <span class='ocrx_word' id='word_1_206' title='bbox 2101 3052 2346 3122; x_wconf 81' lang='lat' dir='ltr'>praece-</span> 
     </span>
     <span class='ocr_line' id='line_1_25' title="bbox 205 3135 2347 3231; baseline -0.001 -26"><span class='ocrx_word' id='word_1_207' title='bbox 205 3135 510 3206; x_wconf 89' lang='lat' dir='ltr'>dentium</span> <span class='ocrx_word' id='word_1_208' title='bbox 539 3149 608 3204; x_wconf 89' lang='lat' dir='ltr'>et</span> <span class='ocrx_word' id='word_1_209' title='bbox 635 3159 841 3229; x_wconf 60' lang='lat' dir='ltr'>seqq„</span> <span class='ocrx_word' id='word_1_210' title='bbox 863 3159 1061 3231; x_wconf 88' lang='lat' dir='ltr'>quem</span> <span class='ocrx_word' id='word_1_211' title='bbox 1088 3150 1314 3230; x_wconf 86' lang='lat' dir='ltr'>tegere</span> <span class='ocrx_word' id='word_1_212' title='bbox 1340 3135 1584 3204; x_wconf 83' lang='lat' dir='ltr'>frustra</span> <span class='ocrx_word' id='word_1_213' title='bbox 1611 3148 2041 3204; x_wconf 84' lang='lat' dir='ltr'>tentaverunt</span> <span class='ocrx_word' id='word_1_214' title='bbox 2066 3137 2347 3229; x_wconf 81' lang='lat' dir='ltr'>Brequi·</span> 
     </span>
     <span class='ocr_line' id='line_1_26' title="bbox 203 3239 2347 3338; baseline -0.001 -27"><span class='ocrx_word' id='word_1_215' title='bbox 203 3266 384 3338; x_wconf 79' lang='lat' dir='ltr'>guy,</span> <span class='ocrx_word' id='word_1_216' title='bbox 406 3257 475 3311; x_wconf 91' lang='lat' dir='ltr'>et</span> <span class='ocrx_word' id='word_1_217' title='bbox 500 3244 625 3337; x_wconf 88' lang='lat' dir='ltr'>ipsi</span> <span class='ocrx_word' id='word_1_218' title='bbox 643 3243 1035 3336; x_wconf 68' lang='lat' dir='ltr'>interpretes</span> <span class='ocrx_word' id='word_1_219' title='bbox 1063 3266 1262 3337; x_wconf 88' lang='lat' dir='ltr'>supra</span> <span class='ocrx_word' id='word_1_220' title='bbox 1285 3242 1651 3311; x_wconf 87' lang='lat' dir='ltr'>memorati.</span> <span class='ocrx_word' id='word_1_221' title='bbox 1675 3243 1780 3310; x_wconf 91' lang='lat' dir='ltr'>De</span> <span class='ocrx_word' id='word_1_222' title='bbox 1799 3240 2100 3310; x_wconf 88' lang='lat' dir='ltr'>Diodoro</span> <span class='ocrx_word' id='word_1_223' title='bbox 2124 3239 2347 3310; x_wconf 81' lang='lat' dir='ltr'>Siculo</span> 
     </span>
     <span class='ocr_line' id='line_1_27' title="bbox 207 3348 2349 3444; baseline 0 -27"><span class='ocrx_word' id='word_1_224' title='bbox 207 3351 429 3418; x_wconf 88' lang='lat' dir='ltr'>item.</span> <span class='ocrx_word' id='word_1_225' title='bbox 468 3349 522 3417; x_wconf 89' lang='lat' dir='ltr'>is</span> <span class='ocrx_word' id='word_1_226' title='bbox 560 3350 735 3417; x_wconf 89' lang='lat' dir='ltr'>enim</span> <span class='ocrx_word' id='word_1_227' title='bbox 777 3373 862 3417; x_wconf 80' lang='lat' dir='ltr'>ex</span> <span class='ocrx_word' id='word_1_228' title='bbox 898 3348 1106 3418; x_wconf 82' lang='lat' dir='ltr'>Gallis</span> <span class='ocrx_word' id='word_1_229' title='bbox 1142 3374 1309 3444; x_wconf 88' lang='lat' dir='ltr'>quos</span> <span class='ocrx_word' id='word_1_230' title='bbox 1343 3349 1510 3418; x_wconf 85' lang='lat' dir='ltr'>vidit</span> <span class='ocrx_word' id='word_1_231' title='bbox 1531 3362 1686 3443; x_wconf 90' lang='lat' dir='ltr'>post</span> <span class='ocrx_word' id='word_1_232' title='bbox 1713 3351 2078 3436; x_wconf 86' lang='lat' dir='ltr'>Caesarem,</span> <span class='ocrx_word' id='word_1_233' title='bbox 2111 3362 2180 3416; x_wconf 81' lang='lat' dir='ltr'>et</span> <span class='ocrx_word' id='word_1_234' title='bbox 2206 3349 2349 3417; x_wconf 89' lang='lat' dir='ltr'>Ro-</span> 
     </span>
     <span class='ocr_line' id='line_1_28' title="bbox 211 3452 2345 3552; baseline -0.002 -27"><span class='ocrx_word' id='word_1_235' title='bbox 211 3480 342 3525; x_wconf 79' lang='lat' dir='ltr'>mae</span> <span class='ocrx_word' id='word_1_236' title='bbox 383 3453 630 3524; x_wconf 88' lang='lat' dir='ltr'>deliciis</span> <span class='ocrx_word' id='word_1_237' title='bbox 657 3470 1043 3550; x_wconf 89' lang='lat' dir='ltr'>corruptos,</span> <span class='ocrx_word' id='word_1_238' title='bbox 1079 3481 1346 3524; x_wconf 89' lang='lat' dir='ltr'>omnem</span> <span class='ocrx_word' id='word_1_239' title='bbox 1379 3471 1644 3552; x_wconf 84' lang='lat' dir='ltr'>gentem</span> <span class='ocrx_word' id='word_1_240' title='bbox 1681 3455 2035 3524; x_wconf 82' lang='lat' dir='ltr'>aestimasse</span> <span class='ocrx_word' id='word_1_241' title='bbox 2065 3452 2345 3522; x_wconf 81' lang='lat' dir='ltr'>videtur.</span> 
     </span>
     <span class='ocr_line' id='line_1_29' title="bbox 320 3560 2349 3657; baseline -0.001 -26"><span class='ocrx_word' id='word_1_242' title='bbox 320 3562 708 3640; x_wconf 75' lang='lat' dir='ltr'>Athenaeus,</span> <span class='ocrx_word' id='word_1_243' title='bbox 755 3563 875 3630; x_wconf 89' lang='lat' dir='ltr'>etsi</span> <span class='ocrx_word' id='word_1_244' title='bbox 916 3560 1103 3631; x_wconf 79' lang='lat' dir='ltr'>aliter</span> <span class='ocrx_word' id='word_1_245' title='bbox 1146 3560 1402 3657; x_wconf 90' lang='lat' dir='ltr'>placeat</span> <span class='ocrx_word' id='word_1_246' title='bbox 1445 3561 1843 3632; x_wconf 86' lang='lat' dir='ltr'>Casaubono</span> <span class='ocrx_word' id='word_1_247' title='bbox 1860 3615 1879 3647; x_wconf 93' lang='lat'>,</span> <span class='ocrx_word' id='word_1_248' title='bbox 1917 3563 2183 3628; x_wconf 89' lang='lat' dir='ltr'>minime</span> <span class='ocrx_word' id='word_1_249' title='bbox 2223 3560 2349 3630; x_wconf 88' lang='lat' dir='ltr'>hac</span> 
     </span>
     <span class='ocr_line' id='line_1_30' title="bbox 211 3666 2354 3763; baseline -0.001 -25"><span class='ocrx_word' id='word_1_250' title='bbox 211 3671 288 3738; x_wconf 90' lang='lat' dir='ltr'>in</span> <span class='ocrx_word' id='word_1_251' title='bbox 340 3693 414 3736; x_wconf 86' lang='lat' dir='ltr'>re</span> <span class='ocrx_word' id='word_1_252' title='bbox 467 3666 833 3738; x_wconf 86' lang='lat' dir='ltr'>credendus</span> <span class='ocrx_word' id='word_1_253' title='bbox 882 3667 1089 3758; x_wconf 81' lang='lat' dir='ltr'>foret3</span> <span class='ocrx_word' id='word_1_254' title='bbox 1143 3667 1347 3738; x_wconf 85' lang='lat' dir='ltr'>veluti</span> <span class='ocrx_word' id='word_1_255' title='bbox 1398 3670 1511 3763; x_wconf 87' lang='lat' dir='ltr'>qui</span> <span class='ocrx_word' id='word_1_256' title='bbox 1558 3670 1641 3737; x_wconf 89' lang='lat' dir='ltr'>sit</span> <span class='ocrx_word' id='word_1_257' title='bbox 1696 3666 1871 3735; x_wconf 87' lang='lat' dir='ltr'>mala</span> <span class='ocrx_word' id='word_1_258' title='bbox 1928 3691 2047 3736; x_wconf 88' lang='lat' dir='ltr'>sua</span> <span class='ocrx_word' id='word_1_259' title='bbox 2106 3666 2237 3734; x_wconf 81' lang='lat' dir='ltr'>fide</span> <span class='ocrx_word' id='word_1_260' title='bbox 2288 3682 2354 3735; x_wconf 89' lang='lat' dir='ltr'>et</span> 
     </span>
     <span class='ocr_line' id='line_1_31' title="bbox 215 3773 2358 3869; baseline -0.002 -26"><span class='ocrx_word' id='word_1_261' title='bbox 215 3773 509 3869; x_wconf 83' lang='lat' dir='ltr'>maligno</span> <span class='ocrx_word' id='word_1_262' title='bbox 555 3774 871 3844; x_wconf 85' lang='lat' dir='ltr'>famosior</span> <span class='ocrx_word' id='word_1_263' title='bbox 912 3776 1176 3869; x_wconf 86' lang='lat' dir='ltr'>ingenio</span> <span class='ocrx_word' id='word_1_264' title='bbox 1222 3801 1237 3842; x_wconf 76' lang='grc' dir='ltr'><strong><em>ε</em></strong></span> <span class='ocrx_word' id='word_1_265' title='bbox 1277 3789 1346 3844; x_wconf 89' lang='lat' dir='ltr'>at</span> <span class='ocrx_word' id='word_1_266' title='bbox 1387 3777 1429 3843; x_wconf 89' lang='lat' dir='ltr'>ii</span> <span class='ocrx_word' id='word_1_267' title='bbox 1476 3799 1707 3843; x_wconf 87' lang='lat' dir='ltr'>omnes</span> <span class='ocrx_word' id='word_1_268' title='bbox 1750 3775 1965 3845; x_wconf 84' lang='lat' dir='ltr'>Graeci</span> <span class='ocrx_word' id='word_1_269' title='bbox 2011 3786 2198 3859; x_wconf 89' lang='lat' dir='ltr'>sunt,</span> <span class='ocrx_word' id='word_1_270' title='bbox 2241 3773 2358 3865; x_wconf 92' lang='lat' dir='ltr'>qui</span> 
     </span>
     <span class='ocr_line' id='line_1_32' title="bbox 217 3878 2352 3975; baseline -0.003 -24"><span class='ocrx_word' id='word_1_271' title='bbox 217 3884 535 3952; x_wconf 85' lang='lat' dir='ltr'>Graecum</span> <span class='ocrx_word' id='word_1_272' title='bbox 563 3903 860 3950; x_wconf 80' lang='lat' dir='ltr'>amorem</span> <span class='ocrx_word' id='word_1_273' title='bbox 888 3881 1132 3975; x_wconf 88' lang='lat' dir='ltr'>ubique</span> <span class='ocrx_word' id='word_1_274' title='bbox 1168 3881 1413 3950; x_wconf 84' lang='lat' dir='ltr'>vident.</span> <span class='ocrx_word' id='word_1_275' title='bbox 1446 3878 1812 3950; x_wconf 87' lang='lat' dir='ltr'>Aristotelis</span> <span class='ocrx_word' id='word_1_276' title='bbox 1836 3903 1999 3948; x_wconf 78' lang='lat' dir='ltr'>vero</span> <span class='ocrx_word' id='word_1_277' title='bbox 2026 3880 2352 3954; x_wconf 80' lang='lat' dir='ltr'>sententia</span> 
     </span>
     <span class='ocr_line' id='line_1_33' title="bbox 218 3985 2360 4083; baseline -0.002 -27"><span class='ocrx_word' id='word_1_278' title='bbox 218 3986 543 4083; x_wconf 86' lang='lat' dir='ltr'>generalis</span> <span class='ocrx_word' id='word_1_279' title='bbox 577 4011 816 4082; x_wconf 83' lang='lat' dir='ltr'>parum</span> <span class='ocrx_word' id='word_1_280' title='bbox 851 3988 1010 4058; x_wconf 85' lang='lat' dir='ltr'>facit</span> <span class='ocrx_word' id='word_1_281' title='bbox 1043 3985 1129 4057; x_wconf 86' lang='lat' dir='ltr'>ad</span> <span class='ocrx_word' id='word_1_282' title='bbox 1151 4012 1308 4057; x_wconf 87' lang='lat' dir='ltr'>rem.</span> <span class='ocrx_word' id='word_1_283' title='bbox 1334 3988 1566 4076; x_wconf 89' lang='lat' dir='ltr'>Unde,</span> <span class='ocrx_word' id='word_1_284' title='bbox 1596 4001 1664 4055; x_wconf 87' lang='lat' dir='ltr'>et</span> <span class='ocrx_word' id='word_1_285' title='bbox 1696 4011 1736 4055; x_wconf 86' lang='lat' dir='ltr'>a</span> <span class='ocrx_word' id='word_1_286' title='bbox 1768 4011 1901 4081; x_wconf 89' lang='lat' dir='ltr'>quo</span> <span class='ocrx_word' id='word_1_287' title='bbox 1936 3985 2194 4070; x_wconf 84' lang='lat' dir='ltr'>didicit,</span> <span class='ocrx_word' id='word_1_288' title='bbox 2220 4008 2360 4053; x_wconf 88' lang='lat' dir='ltr'>om·</span> 
     </span>
     <span class='ocr_line' id='line_1_34' title="bbox 215 4092 2360 4191; baseline -0.002 -28"><span class='ocrx_word' id='word_1_289' title='bbox 215 4118 341 4163; x_wconf 85' lang='lat' dir='ltr'>nes</span> <span class='ocrx_word' id='word_1_290' title='bbox 377 4092 661 4191; x_wconf 86' lang='lat' dir='ltr'>populos</span> <span class='ocrx_word' id='word_1_291' title='bbox 698 4096 898 4163; x_wconf 88' lang='lat' dir='ltr'>armis</span> <span class='ocrx_word' id='word_1_292' title='bbox 927 4096 1200 4164; x_wconf 88' lang='lat' dir='ltr'>omnino</span> <span class='ocrx_word' id='word_1_293' title='bbox 1229 4095 1521 4184; x_wconf 85' lang='lat' dir='ltr'>deditos,</span> <span class='ocrx_word' id='word_1_294' title='bbox 1552 4093 1639 4162; x_wconf 85' lang='lat' dir='ltr'>ad</span> <span class='ocrx_word' id='word_1_295' title='bbox 1672 4092 2157 4187; x_wconf 83' lang='lat' dir='ltr'>antiphysicum</span> <span class='ocrx_word' id='word_1_296' title='bbox 2184 4113 2360 4160; x_wconf 88' lang='lat' dir='ltr'>amo-</span> 
     </span>
     <span class='ocr_line' id='line_1_35' title="bbox 215 4197 2359 4296; baseline -0.001 -25"><span class='ocrx_word' id='word_1_297' title='bbox 215 4225 365 4271; x_wconf 89' lang='lat' dir='ltr'>rem</span> <span class='ocrx_word' id='word_1_298' title='bbox 409 4225 773 4296; x_wconf 85' lang='lat' dir='ltr'>propensos</span> <span class='ocrx_word' id='word_1_299' title='bbox 818 4225 960 4271; x_wconf 85' lang='lat' dir='ltr'>esse</span> <span class='ocrx_word' id='word_1_300' title='bbox 992 4199 1021 4268; x_wconf 65' lang='lat' dir='ltr'><strong>P</strong></span> <span class='ocrx_word' id='word_1_301' title='bbox 1072 4203 1160 4270; x_wconf 87' lang='lat' dir='ltr'>At</span> <span class='ocrx_word' id='word_1_302' title='bbox 1201 4202 1481 4295; x_wconf 81' lang='lat' dir='ltr'>Scythas</span> <span class='ocrx_word' id='word_1_303' title='bbox 1530 4216 1599 4270; x_wconf 90' lang='lat' dir='ltr'>et</span> <span class='ocrx_word' id='word_1_304' title='bbox 1640 4197 2204 4294; x_wconf 77' lang='lat' dir='ltr'>septemtrionales</span> <span class='ocrx_word' id='word_1_305' title='bbox 2238 4222 2359 4293; x_wconf 90' lang='lat' dir='ltr'>po·</span> 
     </span>
    </p>
   </div>
  </div>
 </body>
</html>
