3111 5147
483 642 620 712 DE
673 641 1017 711 BELLO
1071 639 1562 712 GALLICO.
1619 641 1806 713 LIB.
1866 641 2085 715 VIII.
2198 647 2346 746 417

183 775 448 845 ·mstris
486 774 878 844 Atrebatem·
911 775 1292 843 Commium
1334 773 1703 845 discessisse
1722 829 1743 862 ,
1784 775 1867 845 ad
1909 778 2147 849 auxilia
2183 781 2350 851 Ger-

97 948 114 958 ,
216 904 570 950 manorum
606 879 990 950 adducenda
1008 933 1028 967 ,
1069 904 1353 974 quorum
1396 895 1462 949 et
1502 883 1799 951 vicinitas
1834 886 2243 981 propinqua,
2285 902 2354 958 et

217 985 573 1056 multitudo
625 1001 798 1056 esset
851 986 1162 1055 infinita.
1208 988 1623 1056 constituisse
1665 1002 1888 1058 autem
1929 990 2315 1064 Bellovacos
2330 1048 2351 1084 ,

215 1095 516 1163 omnium
565 1094 967 1189 principum
980 1116 1347 1179 consensu,
1390 1117 1651 1162 summa
1702 1093 1909 1189 plebis
1959 1098 2312 1192 cupiditate
2332 1154 2352 1186 ,

217 1203 272 1269 si
299 1191 420 1284 (ut
467 1199 812 1268 dicebatur
834 1187 899 1288 ⁴)
942 1200 1167 1269 Caesar
1209 1223 1362 1268 cum
1412 1200 1622 1268 tribus
1658 1199 2024 1295 legionibus
2061 1209 2351 1295 veniret,

219 1304 466 1375 offerre
493 1329 563 1374 se
591 1305 676 1374 ad
711 1305 1193 1389 dimicandum,
1219 1329 1306 1373 ne
1341 1307 1678 1375 miseriore
1712 1329 1791 1375 ac
1826 1307 2091 1378 duriore
2126 1326 2355 1406 postea

218 1411 597 1482 conditione
624 1436 779 1481 cum
808 1426 950 1480 toto
985 1413 1277 1481 exercitu
1301 1410 1641 1480 decertare
1669 1429 2103 1506 cogerentur.
2132 1420 2184 1487 si
2217 1443 2354 1487 ma-

210 1518 396 1611 jores
431 1520 656 1612 copias
691 1503 989 1613 ageret⁵3
1027 1520 1096 1586 in
1150 1541 1230 1586 eo
1288 1516 1436 1586 loco
1478 1541 1902 1612 permanere,
1950 1546 2145 1615 quem
2182 1525 2327 1594 dele

218 1626 502 1719 gissent3
527 1623 947 1718 pabulatione
977 1638 1199 1693 autem
1213 1647 1405 1717 ,quae
1433 1638 1707 1719 propter
1733 1629 1887 1693 anni
1918 1640 2179 1722 tempus
2203 1655 2357 1700 cum

220 1732 648 1825 exigua,tum
690 1715 1003 1823 disjecta⁶
1047 1744 1258 1815 esset,
1301 1745 1369 1799 et
1410 1728 1958 1819 frumentatione,
2000 1748 2068 1803 et
2108 1734 2358 1832 reliquo

224 1851 602 1907 commeatu
645 1861 727 1905 ex
761 1836 1007 1905 insidiis
1040 1783 1392 1932 prohibere
1436 1825 1792 1905 Romanos.

328 1943 519 2011 VIII.
566 1945 736 2032 Quae
760 1944 1017 2032 Caesar,
1046 1942 1603 2013 consentientibus
1648 1941 1980 2037 pluribus¹
1988 1971 2226 2040 ,quum
2247 1974 2358 2018 co-

226 2051 562 2144 gnovisset
581 2102 602 2135 ,
635 2064 833 2144 atque
873 2072 950 2117 ea
973 2103 990 2134 ,
1040 2074 1186 2143 quae
1230 2064 1763 2143 proponerentur
1781 2104 1799 2138 ,
1842 2050 2112 2121 consilia
2167 2053 2362 2150 plena

225 2155 590 2252 prudentiae
611 2209 630 2244 ‚
653 2153 978 2250 longeque
1014 2178 1053 2222 a
1087 2157 1450 2224 temeritate
1476 2154 1911 2226 barbarorum
1940 2163 2193 2228 remota
2220 2185 2360 2230 esse

218 2261 583 2356 judicaret3
607 2261 804 2330 rebus
822 2260 1129 2331 omnibus
1153 2260 1640 2331 inserviendum
1662 2264 1910 2350 statuit,
1927 2288 2062 2357 quo
2086 2264 2360 2336 celerius

226 2370 487 2452 hoste-S,
518 2381 900 2463 contempta
934 2391 1205 2437 suorum
1249 2368 1608 2461 paucitate,
1642 2367 1981 2462 prodirent
2025 2372 2093 2438 in
2129 2373 2355 2443 aciem.

226 2473 588 2569 Singularis
604 2477 778 2543 enim
816 2475 1077 2543 virtutis
1091 2476 1472 2543 veterrimas
1491 2471 1825 2569 ²legiones
1849 2498 1982 2562 vn,
2010 2500 2140 2547 vm
2181 2493 2248 2547 et
2292 2503 2361 2549 ιιι

227 2582 551 2669 habebat3
585 2606 859 2651 summae
892 2582 1029 2675 spei
1065 2580 1460 2718 delectaeque
1487 2580 1853 2673 juventutis
1888 2566 1999 2651 x1³
2040 2609 2219 2677 quae,
2247 2612 2359 2656 oc·

231 2703 388 2757 tavo
423 2688 562 2780 jam
599 2688 924 2782 stipendio
969 2674 1236 2756 functa⁴
1247 2701 1532 2775 ,tamen
1575 2685 1921 2756 collatione
1962 2688 2359 2784 reliquarum

229 2795 530 2862 nondum
564 2794 864 2863 eamdem
888 2796 1231 2863 vetustatis
1265 2817 1343 2861 ac
1371 2794 1629 2862 virtutis
1671 2809 1936 2888 ceperat
1963 2797 2358 2889 opinionem.

226 2902 499 2995 Itaque,
542 2899 821 2970 concilio
876 2900 1235 2988 advocato,
1276 2899 1473 2968 rebus
1515 2900 1592 2967 iis
1611 2951 1631 2985 ,
1685 2923 1831 2993 quae
1856 2899 1970 2967 .ad
2025 2925 2094 2969 se
2145 2919 2363 2974 essent

229 3007 499 3094 delatae,
530 3007 837 3076 omnibus
868 3007 1213 3101 expositis,
1235 3007 1490 3074 animos
1516 3002 1948 3072 multitudinis
1989 3008 2359 3079 confirmat.

232 3115 302 3183 Si
347 3114 518 3182 forte
558 3112 781 3183 hostes
824 3115 1022 3182 trium
1063 3110 1395 3207 legionum
1433 3134 1710 3178 numero
1747 3124 1968 3204 posset
2001 3110 2234 3182 elicere
2278 3117 2365 3184 ad

231 3219 718 3308 dimicandum,
740 3221 1017 3315 agminis
1044 3218 1345 3287 ordinem
1380 3219 1472 3285 ita
1512 3217 1881 3304 constituit,
1910 3231 1986 3286 ut
2021 3215 2189 3313 legio
2225 3244 2325 3291 vu
2344 3276 2364 3306 ‚

319 3429 380 3486 4.·
405 3423 476 3475 Ut
499 3422 763 3474 dicebatur.
795 3418 970 3473 codd.
987 3419 1152 3472 nostri
1171 3457 1187 3485 ‚
1206 3430 1258 3471 et
1347 3415 1470 3471 edd.
1501 3416 1705 3488 priscis.
1739 3417 1968 3490 Vulgata
1994 3416 2155 3472 habet
2173 3433 2363 3473 vetera-

235 3503 325 3556 alii
347 3502 600 3574 permulti
625 3502 823 3555 habent
838 3538 854 3566 ‚
888 3513 945 3552 ut
966 3500 1216 3551 darer-etur.
1346 3517 1435 3551 nas
1449 3537 1462 3559 ‚
1504 3516 1662 3569 quam
1693 3498 1975 3551 lectionem
2016 3511 2195 3552 tuetur
2231 3500 2365 3553 Hot-

325 3583 380 3635 5.
407 3581 588 3652 Copia
627 3592 807 3652 ageret.
840 3581 923 3633 Ita
963 3578 1072 3632 duo
1100 3577 1259 3632 codd.
1349 3595 1534 3629 manus
1563 3596 1623 3630 ex
1643 3578 1680 3629 l.
1702 3595 1723 3629 1
1743 3615 1760 3641 ,
1786 3596 1899 3649 cap.
1926 3583 1995 3641 ²4
2015 3616 2031 3642 ‚
2050 3579 2287 3648 legebnum
2308 3599 2369 3635 tv

233 3662 431 3734 optimi
449 3662 662 3715 habent.
695 3661 817 3713 Non
842 3660 1007 3723 male,
1048 3671 1103 3712 et
1139 3656 1262 3712 ideo
1347 3659 1790 3710 veteram-mmm
1809 3657 2042 3711 hocloco
2059 3697 2072 3720 ,
2102 3671 2163 3711 ut
2192 3660 2369 3713 obser·

237 3742 440 3812 recepi.
466 3741 568 3793 Alii
585 3778 603 3807 ‚
627 3745 790 3811 copias
819 3740 1091 3791 adduceret.
1349 3749 1436 3788 vat
1450 3734 1821 3808 Oudendorp„
1835 3737 1918 3790 hae
1939 3737 2169 3809 legiones
2185 3735 2368 3792 dicun·

323 3826 381 3875 6.
411 3821 803 3873 postulatam...
844 3819 1057 3888 disjecta.
1085 3819 1265 3883 Quum
1350 3828 1438 3868 tur
1459 3817 1754 3869 veterrimae
1775 3829 2015 3887 respectu
2038 3819 2293 3886 aliarum,
2317 3832 2372 3873 et

241 3900 450 3973 dinjecti
464 3898 716 3972 ‚dispersi
731 3936 748 3965 ‚
772 3898 860 3951 alii
878 3898 993 3951 aliis
1004 3899 1133 3951 locis
1146 3916 1266 3970 pas·
1350 3895 1641 3966 prasertim
1660 3895 1881 3967 legionis
1901 3894 2210 3950 undecima.

241 3982 346 4037 tim
373 3980 567 4052 pabula
590 3979 864 4051 eolligunt.
890 3978 966 4032 Μ.
1438 3976 1488 4028 3.
1510 3976 1812 4047 Delectaeque
1822 3977 2083 4044 juventutis
2100 3977 2205 4031 XI.
2224 3977 2374 4034 Hanc

326 4062 459 4115 Cn.
484 4060 637 4113 VIII.
680 4078 725 4113 1.
747 4057 1154 4113 Consentientibns
1163 4056 1272 4127 plu·
1352 4055 1614 4125 legionem
1631 4058 1849 4125 juvenem
1876 4067 1925 4105 et
1946 4075 2140 4107 summoe
2168 4061 2272 4128 spei
2285 4076 2377 4112 vo-

244 4141 394 4194 n‘bus.
423 4140 533 4206 Qui
566 4158 691 4192 cum
733 4158 800 4191 eo
842 4138 1269 4201 consentiebant,
1356 4147 1469 4201 cat,
1500 4136 1623 4206 quia
1653 4147 1839 4186 octavo
1870 4145 2076 4189 tantum
2113 4135 2377 4209 stipendio

243 4238 478 4292 eumque
501 4217 570 4272 de
585 4219 805 4272 oonsilio
831 4217 1065 4271 hostium
1088 4234 1271 4270 mone·
1358 4214 1538 4268 functa
1569 4226 1696 4267 erat.

247 4302 398 4355 bunt.
425 4300 587 4370 Vulg.
611 4300 848 4370 plur-imis.
1443 4300 1494 4357 4.
1515 4295 1569 4348 F
1566 4306 1726 4347 cancta.
1751 4293 1877 4348 Hac
1892 4312 1995 4347 vox
2022 4295 2167 4349 abest
2194 4315 2222 4348 a
2244 4298 2380 4355 mul·

335 4398 387 4433 2.
418 4379 733 4435 Vetas-rimas.
759 4379 904 4433 Bene
931 4396 997 4432 ex
1023 4372 1181 4430 codd.
1222 4387 1276 4431 et
1361 4374 1430 4428 ti·
1456 4371 1645 4441 codd„
1673 4386 1728 4429 οι
1752 4387 1985 4430 :nostro
2002 4375 2068 4429 R.
2092 4376 2261 4447 5763.

626 4489 684 4557 Ι.
1922 4506 2014 4581 27
