3111 5147
607 587 746 655 DE
797 587 1144 655 BELLO
1196 588 1689 658 GALLICO.
1745 592 1931 661 LIB.
1986 596 2118 663 VI.
2286 597 2432 685 245

298 721 577 816 jacturis
603 704 627 744 ³
684 718 1392 817 pollicitationibusque
1451 723 1913 817 perduxerant.
1974 725 2218 796 Praeliis
2275 755 2436 802 vero

306 827 762 922 compluribus
797 827 985 896 factis
1018 828 1356 916 secundis,
1387 842 1583 924 atque
1610 834 1789 899 omni
1821 830 2158 903 nobilitate
2192 836 2436 907 AEduo-

308 960 461 1004 rum
503 933 846 1003 interfecta
866 987 886 1022 ‚
925 948 1183 1003 tantum
1228 938 1522 1030 potentia
1564 951 2087 1028 antecesserant,
2130 955 2203 1010 ut
2255 967 2436 1039 mag-

313 1066 467 1109 nam
524 1056 782 1135 partem
831 1039 1167 1109 clientium
1210 1042 1294 1109 ab
1350 1042 1579 1112 AEduis
1631 1043 1713 1112 ad
1769 1069 1836 1113 se
1890 1047 2390 1118 transducerent
2418 1105 2438 1138 ‚

312 1147 704 1241 obsidesque
747 1147 832 1216 ab
869 1149 945 1216 iis
983 1149 1357 1244 principum
1410 1148 1580 1219 filios
1624 1152 2036 1245 acciperent,
2072 1166 2138 1222 et
2180 1156 2441 1248 publice

307 1255 533 1347 jurare
561 1268 874 1348 cogerent
892 1307 911 1341 ‚
934 1254 1094 1322 nihil
1124 1280 1192 1323 se
1223 1269 1455 1325 contra
1480 1259 1817 1351 Sequanos
1848 1259 2102 1327 consilii
2127 1262 2443 1348 inituros3

316 1376 389 1428 et
413 1374 662 1454 partem
701 1360 958 1429 finitimi
987 1363 1126 1456 agri
1147 1415 1166 1449 ‚
1198 1387 1318 1457 per
1358 1364 1494 1431 vim
1524 1379 1917 1460 occupatam
1940 1419 1959 1453 ‚
2001 1366 2447 1460 possiderent,

317 1465 674 1560 Galliaeque
717 1469 918 1536 totius
961 1469 1400 1563 principatum
1438 1470 1828 1539 obtinerent.
1868 1473 2023 1560 Qua
2061 1476 2448 1543 necessitate

317 1572 641 1642 adductus
697 1576 1100 1662 Divitiacus,
1157 1574 1378 1644 auxilii
1420 1577 1687 1671 petendi
1738 1564 1979 1646 causa⁴
2021 1579 2307 1647 Romam
2362 1580 2448 1649 ad

317 1694 618 1748 senatum
661 1679 997 1773 profectus
1025 1735 1044 1769 ‚
1076 1681 1320 1751 infecta
1362 1707 1432 1751 re
1476 1683 1775 1752 redierat.
1821 1684 2130 1753 Adventu
2169 1688 2448 1755 Caesaris

316 1785 489 1856 facta
540 1789 1055 1856 commutatione
1113 1773 1387 1856 rerum⁵
1392 1842 1412 1878 ‚
1465 1789 1802 1860 obsidibus
1852 1789 2080 1859 AEduis
2138 1791 2447 1881 redditis,

315 1893 647 1961 veteribus
678 1890 994 1961 clientelis
1035 1895 1389 1980 restitutis,
1425 1898 1615 1963 novis
1650 1920 1770 1989 per
1812 1899 2142 1963 Caesarem
2179 1920 2447 1992 compa-

317 2000 473 2068 ratis
524 1991 744 2094 (quod
804 1998 913 2086 hi,
956 2000 1067 2093 qui
1111 2023 1179 2066 se
1223 1998 1307 2067 ad
1356 2023 1590 2067 eorum
1635 2000 1989 2069 amicitiam
2047 2025 2444 2098 aggregave-

317 2120 517 2188 runt,
561 2104 827 2175 meliore
877 2104 1254 2174 conditione
1306 2119 1504 2200 atque
1560 2108 1846 2200 aequiore
1893 2109 2171 2202 imperio
2223 2133 2293 2177 se
2350 2111 2450 2178 uti

316 2205 726 2300 videbant),
769 2209 1034 2305 reliquis
1094 2211 1290 2280 rebus
1349 2236 1629 2300 eorum,
1691 2214 1951 2307 gratia,
2002 2214 2448 2310 dignitateque

315 2315 752 2412 amplificata,
811 2318 1094 2413 Sequani
1143 2319 1588 2413 principatum
1647 2318 2042 2388 dimiserant.
2087 2322 2169 2388 In
2214 2346 2448 2391 eorum

317 2422 540 2496 locum
595 2425 790 2494 Remi
839 2439 1330 2494 successerant:
1376 2450 1543 2519 quos
1593 2424 1772 2519 quod
1827 2412 2215 2519 adaequare⁶
2270 2428 2449 2521 apud

317 2533 648 2601 Caesarem
703 2533 913 2628 gratia
968 2529 1491 2627 intelligebatur,
1546 2533 1638 2620 ii,
1650 2534 1807 2627 qui
1862 2547 2137 2653 propter
2190 2547 2448 2605 veteres

314 2640 685 2709 inimicitias
719 2637 901 2719 nullo
939 2639 1142 2709 modo
1184 2665 1337 2708 cum
1373 2636 1603 2709 AEduis
1653 2640 1965 2736 conjungi
2000 2654 2345 2735 poterant,
2382 2667 2451 2711 se

320 2748 594 2816 Remis
576 2772 643 2814 m
682 2745 1049 2817 clientelam
1092 2745 1403 2817 dicabant
1417 2746 1463 2814 ⁷.
1493 2749 1635 2815 Hos
1666 2746 1759 2817 illi
1794 2745 2140 2841 diligenter
2173 2747 2448 2816 tueban-

322 2866 445 2921 tur.
481 2855 588 2922 Ita
616 2867 685 2922 et
723 2877 966 2921 novam
1001 2867 1068 2921 et
1093 2868 1362 2946 repente
1392 2851 1737 2922 collectam
1773 2855 2230 2922 auctoritatem
2267 2869 2453 2922 tene-

323 2958 499 3028 bant.
528 2962 631 3028 Eo
654 2974 795 3029 tum
825 2972 998 3028 statu
1035 2984 1139 3028 res
1170 2974 1347 3048 erat,
1369 2974 1444 3028 ut
1467 2958 1663 3054 longe
1692 2960 2021 3053 principes
2048 2958 2453 3029 haberentur

321 3064 518 3135 AEdui
537 3120 558 3155 ,
598 3067 962 3137 secundum
1004 3064 1226 3135 locum
1267 3066 1603 3161 dignitatis
1629 3066 1823 3134 Remi
1866 3063 2254 3133 obtinerent.

411 3266 464 3319 3.
493 3265 726 3319 lactari-s.
751 3266 1350 3335 zaptatc.Jacnn·aesunt
1434 3264 1495 3319 Sa·
1516 3264 1702 3337 quidem
1731 3275 1782 3314 et
1807 3265 1857 3315 ἱη
1890 3262 2060 3317 Gallia
2089 3261 2447 3325 Dmidoesunt,

329 3364 566 3398 immet-a.
613 3346 926 3418 Metuphora
967 3344 1134 3418 petita
1174 3346 1241 3397 ab
1284 3344 1348 3397 iis
1435 3365 1462 3395 e
1476 3345 1645 3417 quibus
1659 3348 1754 3416 ipse
1767 3344 2059 3396 Divitiacum
2068 3342 2288 3395 AEduum
2300 3342 2452 3410 Λσφί-

331 3426 423 3496 qui
445 3426 501 3477 ‘m
527 3426 763 3496 periculo
781 3426 1042 3496 nauh-agii
1069 3436 1208 3477 sunt.
1240 3425 1348 3477 Ab·
1437 3436 1526 3476 tem
1551 3436 1681 3477 tuum
1711 3424 2093 3494 laudatoremque
2110 3425 2334 3492 cognovi,
2358 3432 2447 3474 etc.

327 3505 524 3576 jiciunt
539 3505 596 3557 in
617 3503 808 3559 fluctus
825 3522 1023 3561 merces
1045 3517 1098 3557 et
1119 3505 1216 3557 alia
1231 3521 1350 3575 quae
1520 3504 1572 3557 5.
1604 3504 1763 3557 Facta
1782 3507 2141 3555 commutatione
2165 3519 2333 3554 mrum.
2349 3501 2454 3553 Per

332 3596 561 3637 onerant
615 3603 802 3638 navem
829 3603 846 3649 ς
901 3581 1349 3657 quemadmodum
1433 3584 1710 3637 victoriam
1728 3584 1795 3636 ab
1818 3583 2084 3636 Ariovisto
2106 3579 2453 3652 deportatam,

333 3663 503 3735 igitur
530 3663 605 3715 ini
627 3665 863 3717 furorem
892 3664 1122 3731 Oceani,
1147 3662 1350 3736 injectis
1436 3680 1553 3733 quae
1582 3662 1676 3716 lib.
1704 3680 1726 3714 1
1744 3700 1760 3728 ,
1788 3682 1833 3715 c.
1862 3662 1934 3716 35
1952 3701 1968 3728 ‚
1987 3660 2247 3732 descripta
2260 3672 2353 3714 est.
2371 3659 2453 3713 M.

332 3743 625 3809 mercibus,
644 3744 715 3797 ita
731 3745 973 3796 homines
998 3744 1221 3797 aliorum
1238 3741 2324 3812 ani-6.Adoequare.1ntelligebatur
2348 3741 2454 3793 Re-

331 3841 448 3875 mos
461 3825 770 3877 muneribus
780 3824 879 3877 sibi
892 3823 1190 3876 conciliant.
1205 3822 1355 3874 Hanc
1437 3838 1552 3872 mos
1566 3818 1841 3891 adaquare
1853 3820 2055 3874 AEduos
2068 3820 2252 3891 gratia,
2263 3822 2455 3873 Remos

334 3920 520 3957 vocem
537 3922 638 3974 pro
658 3901 814 3955 donis
835 3904 1078 3959 usitatam
1101 3921 1209 3956 esse
1222 3902 1358 3955 mul·
1438 3917 1585 3971 oque
1617 3917 1675 3951 ac
1706 3898 1952 3953 AEduos'
1937 3918 1994 3952 m
2023 3900 2186 3970 gratia
2218 3919 2345 3992 esse.
2376 3900 2455 3953 M.

338 3980 404 4034 tis
423 3980 658 4034 ostendit
677 3982 987 4054 exemplisl.
1006 3982 1094 4034 Pr.
1115 3982 1353 4034 Gronov·
1438 3980 1521 4033 Al.
1559 3979 1821 4051 adoequari.

336 4059 404 4113 de
428 4063 551 4114 Pec.
563 4074 726 4115 veter.
753 4063 791 4115 l.
825 4080 913 4127 tv,
946 4082 991 4114 c.
1023 4067 1074 4124 4.
1522 4076 1577 4128 7.
1621 4059 1683 4112 In
1720 4057 1982 4110 cHemelam
2031 4056 2274 4110 dicabant.
2330 4057 2458 4110 Pars

419 4146 472 4203 4.
504 4142 791 4208 Diviciacus,
814 4138 1181 4211 auxiliipetmdi
1193 4157 1354 4193 causa.
1442 4139 1603 4191 altera
1625 4135 1780 4191 codd.
1808 4138 1874 4190 ab
1903 4133 2253 4208 Oudendorp.
2282 4154 2462 4188 recen-

339 4221 520 4273 Romae
532 4221 853 4274 Divitiacum
875 4218 1015 4273 vidit
1032 4219 1221 4273 Cicero
1234 4254 1252 4282 ‚
1266 4218 1360 4290 qui
1442 4218 1668 4271 sitorum
1696 4217 1857 4270 habet
1885 4216 2138 4278 dederant,
2173 4214 2317 4288 quod
2338 4234 2462 4287 pro·-

337 4297 775 4367 deeosiehahet,
799 4301 836 4354 l.
867 4307 1028 4367 ιμῆι,
1052 4297 1357 4354 dedivinat.
1444 4298 1603 4352 habat
1637 4298 1906 4366 Clarkius3
1943 4296 2033 4351 alii
2061 4314 2190 4351 vero
2225 4308 2459 4350 noctram

1974 4388 2094 4477 16³
