3111 5147
700 545 853 629 404
1207 536 1664 609 HENRICI
1716 535 2309 605 DODWELLI

813 671 1057 790 tndem
1073 718 1362 810 factum
1405 722 1477 785 in
1519 713 1691 784 libro
1737 716 1953 783 Hirtii
1986 713 2075 784 de
2115 711 2289 783 bello
2329 714 2733 809 Hispanico.

810 899 893 965 In
945 892 1118 964 bello
1174 892 1533 987 Hispanico
1597 890 1815 959 adhuc
1868 891 2183 984 pauciora
2235 891 2441 958 coaevi
2496 888 2830 982 scriptoris

703 1004 976 1096 vestigia
1007 1014 1160 1069 sunt
1179 1052 1196 1083 ‚
1227 997 1418 1092 plura
1448 1013 1669 1066 autem
1702 993 2187 1092 interpolatoris
2207 1048 2227 1083 ‚
2254 1010 2323 1064 et
2355 995 2621 1089 quidem
2663 995 2830 1087 ejus·

707 1110 858 1178 dem
885 1162 905 1195 ,
962 1110 1074 1202 qui
1140 1103 1382 1172 bellum
1444 1103 1830 1173 Africanum
1890 1105 2022 1172 suis
2086 1103 2476 1171 commentis
2545 1114 2834 1170 auxerat.

708 1216 957 1286 Eadem
1001 1215 1070 1281 in
1113 1235 1280 1280 voce
1287 1211 1627 1303 facultas
1675 1209 1996 1305 elegantia
2021 1264 2041 1298 ‚
2081 1233 2227 1303 quae
2269 1233 2466 1303 supra
2485 1261 2506 1295 ‚
2529 1232 2674 1302 cap.
2716 1231 2743 1277 1
2763 1232 2839 1292 23

708 1328 808 1392 eis
853 1320 956 1389 ad
985 1318 1465 1414 ignoscendum
1515 1319 1709 1388 nulla
1755 1332 1862 1385 est
1900 1315 2079 1387 data
2093 1315 2445 1408 facultas.
2492 1317 2658 1410 Cap.
2708 1316 2838 1400 40,

711 1452 953 1513 naves,
985 1449 1145 1521 quoe
1170 1430 1240 1494 in
1268 1425 1421 1493 salo
1439 1422 1741 1514 fzoerunt
1765 1448 1787 1491 .·
1817 1446 1940 1517 pro
1982 1420 2280 1517 exemplo
2323 1421 2549 1491 itidem
2578 1444 2618 1488 a
2649 1419 2837 1488 nobis

713 1558 914 1629 supra
955 1533 1325 1603 observato.
1362 1532 1506 1600 Nec
1548 1528 1889 1600 dissimiles
1922 1528 2028 1598 alii
2063 1542 2425 1599 occurrunt
2465 1529 2839 1620 sequiorum

715 1639 1108 1712 saeculorum
1169 1637 1578 1707 barbarismi.
1639 1638 1802 1730 Cap.
1885 1660 1924 1733 7
1948 1688 1968 1723 ,
2029 1636 2313 1730 reliquoe
2378 1657 2474 1704 ex
2514 1633 2840 1728 fizgitzk'is

715 1749 1098 1817 auxiliares
1122 1742 1601 1815 consistebant.
1631 1745 1794 1835 Cap.
1844 1765 1868 1811 1
1888 1767 1927 1811 a
1950 1796 1969 1828 ,
1999 1739 2167 1811 bene
2196 1765 2518 1836 magnum
2561 1756 2839 1835 tempus.

720 1857 883 1947 Cap,
930 1877 953 1921 1
974 1850 1045 1938 3,
1081 1852 1410 1944 simulque
1447 1847 1733 1917 ballista
1773 1854 1985 1917 missa
2009 1873 2060 1917 a
2085 1854 2336 1919 nostris
2375 1863 2623 1916 twv‘em
2666 1845 2842 1937 dele·

717 1965 828 2027 cit.
875 1960 1039 2051 Cap.
1098 1980 1123 2027 1
1139 1953 1221 2042 6,
1268 1953 1718 2024 existimabat
1765 1979 1884 2023 eos
1916 1979 2133 2052 posse
2176 1970 2496 2024 conatum
2548 1952 2841 2045 efficere.

721 2067 886 2159 Cap.
938 2086 1066 2157 29,
1119 2062 1502 2131 adversarii
1518 2068 1962 2158 patrocinari
2003 2063 2155 2131 loco
2207 2065 2437 2155 iniquo
2485 2083 2627 2128 non
2676 2059 2845 2128 desi·

720 2185 907 2241 nunt.
955 2172 1118 2264 Cap.
1182 2165 1278 2238 33
1297 2222 1317 2255 ‚
1358 2168 1662 2237 libertum
1685 2221 1710 2256 ‚
1760 2174 1882 2261 qui
1909 2168 2178 2260 fia'sset
2221 2168 2367 2260 ejus
2419 2165 2842 2236 concubinus.

722 2280 886 2371 Cap.
941 2273 1073 2370 39,
1113 2274 1568 2370 gradiebatur
1622 2275 1984 2370 Hispalim.
2044 2275 2207 2369 Cap.
2255 2277 2389 2360 42,
2422 2278 2847 2370 provinciam

722 2384 1175 2479 depopulavit.
1222 2383 1311 2448 Et
1346 2394 1586 2474 praeter
1630 2404 1883 2448 morem
1927 2380 2169 2450 horum
2215 2381 2615 2474 scriptorum
2658 2379 2851 2448 Ennii

726 2502 939 2584 poetae
951 2488 1317 2582 fragmenta
1341 2486 1645 2572 advocat,
1654 2510 1796 2582 cap.
1824 2512 1863 2556 α
1877 2483 1948 2576 3,
1966 2483 2009 2556 3
2027 2511 2050 2555 1
2069 2540 2082 2553 .
2099 2483 2220 2554 Illa
2231 2511 2390 2555 vero
2403 2510 2604 2581 quam
2614 2488 2851 2581 inepta,

727 2596 965 2689 quibus
1005 2609 1227 2662 tamen
1264 2594 1539 2661 Caesaris
1558 2646 1579 2675 ‚
1607 2594 1843 2661 summi
1880 2592 2495 2688 prudentissimique
2538 2595 2852 2679 oratori3‚

728 2724 1081 2797 personam
1125 2699 1260 2792 agit
1300 2698 1409 2767 hio
1453 2699 1796 2793 sophista:
1834 2701 1957 2769 An
1978 2752 2000 2786 ‚
2048 2724 2156 2769 me
2201 2700 2426 2770 deleto
2447 2753 2472 2787 ,
2518 2724 2662 2769 non
2710 2703 2850 2769 ani-

730 2804 1252 2876 madvertebam
1268 2859 1293 2893 ,
1337 2809 1410 2876 X
1444 2803 1697 2874 habere
1738 2805 2036 2900 legiones
2073 2807 2408 2904 populum
2455 2830 2809 2875 romanum
2827 2858 2849 2891 ‚

729 2936 891 3009 quae
915 2936 1056 2982 non
1076 2914 1293 2982 solum
1324 2911 1521 2982 vobis
1550 2910 1876 2981 obsistere
1897 2964 1919 2998 ,
1946 2912 2075 2981 sed
2090 2919 2296 2981 etz‘czm
2324 2913 2569 2982 coelmn
2601 2914 2861 2982 dz’tuere

719 3036 1014 3116 possent
1034 3021 1072 3089 P
1111 3017 1594 3088 Declamatoris
1634 3016 1744 3086 illa
1764 3072 1783 3105 ‚
1824 3042 1962 3087 non
2006 3021 2285 3088 oratoris
2305 3073 2326 3107 ,
2366 3017 2705 3089 affectatio
2746 3034 2856 3088 est.

734 3129 1065 3197 Dixerunt
1101 3125 1366 3220 quidem
1404 3126 1762 3211 Germani,
1798 3126 2030 3193 Suevis
2082 3126 2214 3195 suis
2264 3150 2348 3194 ne
2396 3124 2555 3195 deos
2597 3125 2861 3220 quidem

735 3231 1138 3301 immortales
1171 3257 1362 3327 pares
1397 3256 1538 3301 esse
1575 3232 1886 3325 potuisse,
1912 3228 2068 3300 Bell.
2101 3229 2271 3301 Gall.
2301 3234 2376 3301 L.
2408 3233 2526 3302 IV.
2555 3256 2694 3327 cap.
2736 3256 2859 3301 10:

739 3338 854 3409 sed
897 3338 1160 3407 barbari
1201 3336 1339 3426 illi,
1383 3363 1519 3406 non
1564 3339 1835 3405 romani.
1889 3340 2074 3406 Inter
2116 3340 2576 3408 Ciceronianas
2618 3334 2857 3405 multo-

737 3470 890 3514 rum
917 3468 1292 3513 coaevorum
1323 3442 1600 3537 legimus
1635 3443 1942 3537 epistolas
1964 3497 1983 3531 ,
2010 3441 2255 3514 nullam
2294 3459 2514 3514 tamen
2537 3498 2556 3529 ‚
2577 3458 2719 3538 quae
2749 3467 2860 3512 oo·

738 3552 1060 3622 thumum
1087 3547 1272 3618 illum
1303 3552 1529 3643 sapiat.
1560 3548 1835 3619 Nullum
1877 3563 2019 3618 erat
2037 3604 2057 3637 ‚
2085 3565 2273 3621 aetate
2307 3553 2584 3621 Caesaris
2611 3605 2631 3639 ,
2659 3552 2864 3618 otium

738 3656 1106 3727 istiusmodi
1147 3657 1393 3749 ingenii
1427 3655 1675 3725 lusibus
1700 3709 1720 3744 ‚
1747 3681 1899 3725 cum
1936 3656 2018 3725 de
2054 3657 2249 3728 rebus
2278 3660 2460 3727 seriis
2504 3671 2865 3727 momento·

741 3766 959 3858 sisque
988 3817 1007 3851 ,
1060 3761 1142 3831 de
1187 3764 1324 3830 vita
1383 3762 1794 3856 fortunisque
1846 3762 2159 3833 clientum
2215 3764 2321 3833 vel
2373 3764 2548 3834 fama
2600 3777 2870 3859 agerent

741 3885 1056 3939 oratores.
1104 3871 1274 3937 Sunt
1315 3869 1742 3940 nihilominus
1774 3870 2067 3963 primaevi
2105 3873 2391 3940 auctoris
2433 3872 2631 3940 Hirtii
2675 3872 2867 3939 etiam

741 3978 812 4044 in
867 3976 1015 4045 hoc·
1046 4000 1246 4070 opere
1298 3978 1589 4070 vestigia.
1634 3977 1804 4064 Quae
1854 3976 2056 4044 habet
2110 3978 2483 4046 communia
2534 4001 2689 4046 cum
2737 3974 2870 4044 aliis

743 4081 934 4152 bonae
992 4082 1146 4152 fidei
1198 4082 1577 4152 auctoribus
1610 4136 1629 4171 ,
1680 4107 1815 4150 non
1871 4081 2131 4153 aliunde
2187 4108 2523 4153 emanasse
2576 4107 2815 4153 censeo
2854 4107 2870 4151 ε

736 4188 1041 4284 inprimis
1075 4188 1235 4260 illud
1255 4242 1275 4277 ,
1303 4189 1484 4287 quod
1525 4193 1856 4261 Caesarem
1890 4189 2068 4262 dicat
2103 4191 2492 4263 dictatorem
2532 4191 2671 4281 111,
2706 4190 2873 4261 desi·
