3111 5147
498 535 636 604 DE
687 534 1028 603 BELLO
1083 536 1575 606 GALLICO.
1630 538 1819 607 LIB.
1875 540 2102 609 VIII.

2221 538 2371 626 425

246 664 499 764 plicant
529 660 1093 763 agmen‚(magna
1133 669 1310 737 enim
1347 666 1704 739 multitudo
1746 694 2091 741 carrorum
2112 669 2133 696 ²
2179 674 2376 742 etiam

249 799 334 844 ex

470 776 482 787 '
561 794 592 843 s
617 776 818 868 sequi
852 772 1081 845 Gallos
1124 777 1469 844 consuevit
1485 769 1545 864 ‚)
1584 799 1674 871 op
1722 780 1882 847 ressi
1925 777 2071 848 luce
2089 832 2111 868 ‚
2153 782 2378 873 copias

249 895 659 950 armatorum
693 906 817 976 pro
862 882 995 952 suis
1033 882 1368 951 instruunt
1408 883 1640 951 castris
1702 936 1721 970 ‚
1755 908 1839 952 ne
1870 887 2050 981 prius
2093 887 2380 955 Romani

245 990 553 1082 persequi
599 1013 670 1056 se
709 988 1107 1083 inciperent,
1141 1011 1341 1081 quam
1373 986 1636 1082 longius
1677 1013 1914 1084 agmen
1948 992 2379 1086 impedimen·

247 1108 470 1164 torum
514 1118 786 1163 suorum
835 1095 1279 1189 processisset.
1333 1097 1421 1164 At
1469 1097 1693 1164 Caesar
1739 1121 1953 1190 neque
2006 1101 2378 1168 resistentes

248 1189 801 1295 aggrediendos⁴‚
839 1225 1051 1295 neque
1090 1200 1397 1270 cedentes
1434 1215 1623 1269 tanto
1660 1201 1845 1272 collis
1870 1227 2145 1274 ascensu
2173 1203 2378 1274 laces·

248 1306 489 1376 sendos
514 1306 891 1399 judicabat·
919 1331 1130 1401 neque
1164 1331 1301 1375 non
1335 1331 1544 1402 usque
1579 1332 1660 1377 eo
1697 1308 1985 1404 legiones
2022 1310 2378 1384 admoven-

246 1412 400 1497 das,
441 1427 516 1481 ut
555 1412 890 1482 discedere
924 1437 1006 1483 ex
1039 1438 1122 1482 eo
1165 1412 1312 1483 looo
1356 1415 1496 1492 sine
1540 1414 1835 1509 periculo
1868 1416 2166 1504 barbari,
2210 1417 2379 1486 mili·

247 1519 425 1588 tibus
451 1506 885 1590 instantibus⁵
890 1545 1069 1607 ,non
1095 1535 1382 1616 possent.
1408 1523 1548 1608 Ita,
1567 1529 1771 1615 q'uum
1799 1520 2040 1617 palude
2064 1524 2379 1619 impedita

336 1743 385 1775 a.
404 1721 671 1775 Multitudo
688 1741 948 1775 carrorum.
968 1721 1117 1775 Hanc
1134 1722 1269 1775 mul-

246 1799 532 1855 titudinem
555 1820 826 1854 carrorum
846 1815 897 1854 et
919 1799 1267 1873 impedimen-

247 1893 427 1935 torum
444 1920 460 1946 ,
489 1900 605 1953 que
648 1881 802 1934 nohis
829 1900 952 1934 cum
983 1882 1269 1954 majoribus

246 1961 444 2015 nostris
471 1961 768 2016 communis
798 1974 904 2027 est,
930 1961 1271 2016 vehementer

248 2055 303 2095 et
323 2044 462 2112 juste
498 2044 736 2114 increpat
774 2042 957 2113 Turpia
986 2041 1044 2093 de
1075 2042 1264 2104 Cn'ue',

247 2133 290 2175 t.
320 2138 400 2187 11,
423 2140 478 2192 p
511 2124 636 2190 189.
668 2121 843 2173 Nimia
869 2120 1011 2174 enim
1042 2120 1268 2193 impedi·

247 2212 555 2253 mentorum
570 2201 722 2272 copia
735 2201 965 2293 plurima
977 2217 1155 2254 secum
1170 2212 1274 2253 tra·

247 2280 339 2334 hit
358 2270 1117 2333 incommoda.1⁰Luxu1-iem
1142 2280 1268 2333 alit.

247 2378 378 2413 nam
402 2360 713 2432 plerumque
738 2362 874 2412 carri
892 2360 979 2413 isti
992 2357 1060 2412 ad
1071 2351 1271 2412 ducum

248 2452 302 2493 ει
331 2440 702 2511 praesectorum
729 2439 1105 2510 supellectilem
1125 2452 1177 2492 et
1194 2439 1270 2492 ci-

245 2519 396 2573 baris
424 2517 807 2573 munchenda
832 2517 1212 2585 destinantur3‘
1194 2537 1274 2571 m·

252 2599 325 2654 de
362 2601 496 2672 gule
535 2601 714 2672 potius
754 2612 808 2653 et
853 2600 1070 2652 vanitati
1112 2618 1272 2672 quam

249 2680 540 2751 frugalitati
581 2677 980 2751 modestiaque,
1016 2699 1132 2752 quae
1173 2680 1272 2732 mi·

248 2760 402 2814 litem
451 2757 678 2825 decent,
733 2759 1018 2813 certissime
1062 2759 1273 2824 favent·

256 2860 288 2894 a
293 2829 628 2893 ⁴’multitudo
647 2841 1010 2910 jumentorum
1035 2839 1273 2935 regiones

249 2920 451 2992 pabulo
464 2920 834 2991 frumentoque
847 2919 1116 2983 exhaurit3
1130 2908 1188 2973 3⁹
1197 2920 1276 2971 in·

251 2996 324 3052 de
357 3017 571 3071 quoque
601 3000 841 3071 sequitur
867 2998 1274 3070 apothecarum,

247 3078 569 3132 horreorum
635 3091 688 3132 et
752 3078 1274 3131 armamenta-iorum

249 3156 627 3213 sumendorum
640 3170 694 3211 et
700 3155 1174 3212 custodiendorum
1186 3176 1278 3210 ne·

250 3238 594 3309 cessimque
604 3235 821 3310 quidem
829 3239 1008 3290 omnia
1015 3238 1276 3308 impensas

252 3317 638 3390 multiplicant,
662 3318 875 3371 inutiles
907 3316 1275 3370 armisminis·

253 3411 397 3464 tros,
436 3396 708 3463 custodes,
738 3393 1274 3469 coquos,soldurios‚

252 3495 461 3543 servos,
493 3490 591 3532 etc.
622 3491 721 3530 etc.
747 3488 1059 3548 reposcunt,
1077 3476 1134 3528 in
1163 3495 1275 3529 ma·

251 3574 418 3628 gnum
446 3569 562 3610 tum
590 3557 776 3629 patrio
806 3558 968 3629 ipsius
994 3555 1278 3609 deu-imen-

252 3649 400 3703 tum,
425 3649 540 3691 tum
565 3637 793 3709 regionis
818 3635 1022 3689 hostilis
1055 3635 1142 3688 cui
1171 3635 1274 3688 Βιιὲ

253 3717 479 3771 manitas
515 3730 673 3789 atque
702 3716 861 3770 etiam
897 3714 1112 3788 politica
1140 3716 1276 3768 ratio

253 3814 472 3869 putere
500 3798 792 3869 imperant,
814 3808 930 3849 tum
954 3797 1113 3848 etiam
1136 3795 1277 3848 mili·

253 3889 389 3942 tum,
402 3877 496 3948 qui
511 3896 647 3949 saepe
666 3875 853 3948 sepius
877 3873 1276 3940 esurimudum

253 3974 450 4009 meum
491 3955 690 4010 ducum
739 3953 1030 4028 splendida
1072 3953 1276 4009 deliciis

258 4035 518 4101 affluunt;
553 4026 620 4099 4ο
657 4033 749 4089 sed
794 4034 1082 4088 maximum
1117 4033 1280 4126 hujus

257 4114 644 4179 multitudinis,
688 4112 1113 4176 incommodum,
1156 4114 1281 4165 artis

255 4208 517 4265 respectu,
530 4195 794 4266 reperitur
816 4195 871 4247 in
891 4213 955 4247 eo
977 4191 1124 4265 quod
1135 4211 1280 4245 exer·

253 4276 389 4333 uitus
446 4287 524 4329 tot
569 4272 962 4347 impedimentis
988 4270 1281 4327 retu-datus

1354 1720 1668 1776 difficillime
1703 1736 1977 1778 moveatur
1996 1762 2014 1790 ,
2057 1736 2111 1777 ει
2139 1724 2206 1777 ab
2228 1724 2380 1778 hoste

1355 1799 1602 1874 expedito
1618 1804 1913 1876 oppugnari
1937 1804 2140 1858 facilius
2165 1805 2329 1876 possit
2362 1822 2377 1857 :

1356 1900 1465 1934 ιιοιι
1495 1883 1688 1955 loquor
1715 1882 1784 1937 de
1811 1882 1953 1938 vitiis
1969 1922 1985 1948 ‚
2023 1882 2092 1936 de
2120 1884 2380 1956 intempe-

1355 1963 1562 2028 rantia,
1594 1961 1662 2017 de
1690 1962 1890 2017 morbis
1919 1976 1973 2017 et
1997 1964 2258 2016 mortibus
2280 1964 2383 2017 fre·

1354 2043 1715 2114 quentissimis
1753 2043 1810 2096 in
1845 2055 1989 2096 tanta
2012 2043 2246 2115 partium
2272 2040 2382 2097 dis·

1358 2121 1608 2196 paritate;
1625 2135 1879 2194 praterea
1898 2124 2228 2213 operosiores
2243 2122 2382 2176 fiunt

1355 2198 1588 2254 delectus
1612 2202 1870 2267 locorum,
1885 2202 2380 2268 castrametationes,

1355 2292 1410 2332 et
1428 2281 1773 2334 evolutiones.
1800 2239 1927 2334 Hinc
1957 2294 2037 2334 est
2064 2299 2269 2334 summe
2299 2283 2379 2333 in·

1355 2357 1762 2413 commodorum
1798 2379 1916 2432 qum
1957 2361 2276 2432 proveniunt
2314 2380 2381 2415 ex

1357 2437 1700 2493 multitudine
1731 2438 2381 2512 impedimentorquuae

1355 2519 1543 2571 leviter
1558 2532 1763 2575 tantum
1775 2517 2133 2592 percurrenda
2146 2519 2248 2573 hoc
2262 2520 2380 2575 loco

1354 2598 1606 2672 judicavi.

1441 2682 1492 2734 3.
1525 2680 1703 2751 Copias
1734 2692 2023 2732 armatorum
2052 2700 2149 2751 pro
2176 2684 2277 2733 suis
2302 2684 2379 2733 ἰη-

1356 2763 1743 2812 semenstris.
1762 2759 1888 2813 Hoc
1904 2760 2062 2812 lectio
2085 2759 2383 2815 emendatio

1357 2853 1437 2893 est
1464 2839 1852 2903 recentiorum;
1879 2857 2005 2891 num
2033 2838 2187 2893 codd.
2211 2841 2382 2894 nostri

1357 2918 1557 2971 habent
1583 2922 1745 2988 copias
1778 2930 2070 2969 αηιιαωνωιι
2109 2922 2160 2970 in
2179 2925 2277 2970 suis
2304 2925 2378 2972 in-

1358 3009 1548 3050 struunt
1577 3001 1778 3049 castris:
1800 2997 1975 3050 minus
1998 2998 2148 3050 bene.
2174 2997 2383 3052 Oberli-

1358 3095 1460 3130 nus
1496 3076 1600 3129 hoc
1624 3074 1786 3129 modo
1810 3076 1970 3148 legit:
1997 3080 2143 3147 copiis
2164 3089 2377 3130 armato·

1360 3176 1464 3209 rum
1503 3159 1616 3207 vias
1638 3175 1733 3227 pro
1770 3159 1869 3209 suis
1911 3156 2151 3208 summat
2192 3162 2377 3210 castris.

1362 3235 1552 3290 Nescio
1580 3254 1677 3288 cur
1704 3234 1844 3288 istud
1869 3235 2098 3288 verbum
2120 3238 2231 3287 vias
2259 3236 2316 3289 Β.
2337 3236 2378 3290 l.

1363 3313 1603 3369 intrudat
1617 3353 1635 3381 ,
1657 3312 1805 3386 quod
1835 3327 2153 3368 structuram
2174 3315 2380 3386 phrasis

1360 3393 1615 3468 impedit?
1627 3392 1833 3461 Quidni
1845 3395 2158 3466 reposuisset
2169 3415 2232 3448 ex
2248 3394 2381 3448 duo-

1360 3477 1479 3539 bus,
1493 3486 1553 3526 ut
1566 3475 1658 3540 ait,
1669 3475 1824 3527 bonis
1839 3474 2005 3540 libris,
2014 3478 2163 3546 copiis
2174 3487 2383 3527 armato·

1362 3575 1467 3607 rum
1491 3567 1753 3606 casn-orum
1772 3558 1884 3606 ‘vias
1900 3556 2176 3606 ιύτηιιὶιιεὲ
2189 3567 2242 3608 ει
2262 3574 2381 3608 sen·

1361 3653 1451 3687 sus
1468 3635 1649 3687 suisset
1664 3646 1878 3705 apertus
1891 3645 2046 3705 atque
2057 3635 2378 3706 perspicuus.

1450 3720 1502 3777 4.
1537 3713 1952 3784 Aggmdiendos..
1970 3753 2010 3769 ..
2027 3753 2039 3766 .
2068 3714 2375 3767 lacessendos.

1362 3791 1534 3847 codd.
1558 3812 1668 3846 non
1698 3792 1899 3846 habent
1917 3792 2011 3845 has
2029 3811 2183 3844 voces
2209 3805 2379 3845 utras·

1363 3891 1465 3945 que
1505 3872 1697 3937 simul,
1735 3870 1829 3925 sed
1871 3871 1959 3924 alii
2001 3870 2376 3941 aggrediendas,

1363 3952 1454 4004 alii
1474 3951 1766 4004 lacessendos
1794 3952 2073 4021 legunt3et
2101 3952 2272 4023 reipsa
2286 3952 2380 4005 ha-

1363 4050 1484 4085 rum
1515 4050 1620 4084 una
1646 4030 1848 4083 inutilis
1877 4027 2104 4083 videtur.
2138 4032 2381 4085 Delerem

1363 4111 1601 4184 priorem
1631 4110 1993 4180 agge-odiendos.

1449 4192 1501 4244 5.
1530 4189 1769 4245 Militibus
1795 4190 2092 4244 instantibus.
2125 4190 2383 4245 Nonnulli

1369 4270 1573 4327 addunt
1603 4273 1790 4325 nostrils.
