3111 5147
727 545 917 630 '402
1287 546 1746 616 HENRICI
1799 546 2388 616 DODWELLI

764 703 953 748 nasse
973 733 993 768 ,
1034 679 1124 748 ita
1169 677 1517 748 manifesto
1560 676 1798 747 falsum
1842 692 1943 747 est
1965 732 1985 767 ,
2024 693 2102 748 ut
2153 702 2326 774 aegre
2368 677 2565 748 scribi
2608 682 2891 773 potnerit

761 810 800 854 a
844 811 1087 855 coaevo.
1133 786 1592 855 Detrahantur
1631 808 1670 853 a
1711 784 2028 880 praedieto
2071 784 2473 856 confusionis
2516 809 2695 855 anno
2742 786 2886 880 708

759 894 914 961 anni
955 889 1093 979 36,
1125 889 1411 986 reliquus
1441 894 1567 961 erit
1608 915 1821 962 annus
1862 893 1948 962 U.
1987 894 2065 962 C.
2099 893 2494 962 Varronian.
2534 889 2733 987 672,
2761 916 2890 987 quo

757 1000 883 1069 sub
940 1002 1200 1069 Caesare
1253 1000 1491 1068 mereri
1547 1000 1839 1093 coeperit.
1892 1000 2094 1093 Atqui
2152 1013 2407 1072 certum
2456 1012 2557 1068 est
2606 1001 2884 1094 primam

756 1108 1038 1180 Caesaris
1078 1105 1488 1200 provinciam
1526 1104 1724 1178 fuisoe
1759 1127 1841 1174 ex
1880 1120 2212 1199 pinetum,
2253 1130 2429 1180 anno
2470 1108 2668 1174 varr.
2711 1103 2882 1200 692.

755 1211 988 1282 Doluit
1029 1227 1346 1307 praeterea
1368 1214 1629 1301 Caesar,
1659 1226 1826 1282 teste
1853 1214 2209 1300 Suetonio,
2236 1236 2295 1282 e.
2338 1237 2403 1308 7.
2422 1263 2442 1301 ,
2476 1211 2661 1306 quod
2691 1209 2879 1280 nihil-

752 1318 912 1390 dum
957 1343 996 1387 a
1043 1343 1112 1388 se
1166 1317 1597 1390 memorabile
1649 1333 1909 1413 gestum
1963 1329 2135 1390 esset
2175 1320 2243 1390 in
2284 1332 2523 1404 oetate,
2566 1341 2699 1412 qua
2745 1317 2879 1412 jam

750 1425 1121 1498 Alexander
1148 1425 1379 1494 orbem
1415 1441 1742 1495 terrarum
1778 1425 2155 1544 subegisset.
2192 1426 2375 1496 AEtas
2408 1422 2520 1493 illa
2548 1438 2693 1496 erat
2728 1448 2876 1493 ann.

754 1530 894 1623 33,
920 1549 997 1603 ut
1031 1546 1272 1628 praeter
1299 1530 1460 1601 alios
1495 1531 1694 1602 docet
1729 1533 1925 1604 etiam
1962 1534 2200 1603 Cicero
2229 1530 2508 1626 Philipp.
2542 1534 2627 1602 V.
2667 1533 2877 1602 Natus

746 1655 846 1711 est
882 1643 1106 1711 Caesar
1138 1642 1257 1711 IV.
1288 1637 1386 1706 Id.
1426 1636 1702 1727 Quintil.
1734 1663 1885 1707 ann.
1925 1641 2120 1714 Varr.
2160 1634 2335 1723 654.
2367 1639 2476 1708 Sic
2499 1661 2753 1706 annum
2781 1634 2871 1707 33

745 1746 1122 1832 absolverit,
1136 1767 1314 1814 anno
1343 1743 1612 1816 demum
1639 1746 1832 1814 Varr.
1865 1742 2044 1840 687,
2057 1747 2326 1814 ineunte
2345 1743 2664 1834 Quintili,
2691 1746 2872 1816 annis

745 1868 897 1948 post
928 1852 1217 1948 praedict.
1251 1849 1401 1946 672
1442 1849 1835 1945 quindecim.
1870 1854 1953 1922 In
1995 1851 2125 1921 hoc
2158 1866 2381 1921 tamen
2408 1875 2691 1922 numero
2718 1875 2873 1921 oon·

744 1961 1035 2028 sentiunt
1076 1957 1394 2030 editiones
1436 1959 2049 2052 exscriptoresque‚
2090 1960 2159 2030 in
2219 1958 2458 2052 quibus
2497 1971 2568 2026 et
2612 1972 2873 2046 noster,

742 2091 825 2134 ne
878 2065 1302 2150 dubitemus,
1357 2062 1441 2131 ab
1495 2062 1967 2184 interpolatore
2007 2065 2100 2135 ita
2142 2066 2464 2159 scriptum
2523 2087 2685 2133 esse.
2746 2066 2872 2134 Hic

738 2173 914 2241 idem
966 2170 1131 2241 liber
1179 2172 1263 2261 Q.
1313 2171 1580 2264 Ligario
1635 2172 1839 2240 vitam
1892 2172 1960 2242 in
2013 2170 2238 2244 Africa
2297 2194 2683 2244 concessam
2734 2194 2868 2242 esse

738 2292 1002 2368 narrat,
1046 2304 1101 2349 c.
1154 2278 1271 2373 89.
1312 2276 1515 2365 Quod
1550 2290 1772 2348 tamen
1813 2278 2173 2347 certissime
2217 2275 2455 2348 falsum
2489 2301 2674 2365 esse,
2711 2301 2865 2347 con·

735 2401 869 2455 stat
894 2410 975 2455 ex
1002 2386 1241 2480 insigni
1275 2383 1650 2470 Ciceronis,
1678 2397 1830 2478 post
1869 2382 2153 2456 reditum
2191 2385 2510 2471 Caesaris,
2548 2385 2862 2454 Oratione

736 2517 859 2587 pro
898 2493 1179 2587 Ligario.
1224 2491 1452 2560 Coaevi
1483 2490 1820 2584 scriptoris
1854 2504 1993 2562 tam
2046 2512 2309 2566 crassus
2346 2514 2537 2566 error
2576 2514 2723 2564 esse
2756 2492 2862 2560 vix

733 2600 967 2692 potuit.
1012 2600 1102 2665 Et
1144 2599 1217 2666 L.
1265 2597 1510 2667 Caesari
1550 2597 1758 2672 vitam
1793 2621 1832 2667 a
1874 2596 2049 2668 sulio
2109 2596 2428 2692 facileque
2481 2621 2859 2671 concessam

732 2701 878 2775 vult
918 2717 1149 2777 auctor
1186 2697 1340 2773 belli
1377 2701 1690 2775 Africani.
1737 2706 1989 2780 Contra
2031 2705 2166 2777 Dio
2209 2706 2285 2775 L.
2324 2706 2595 2793 XL111;
2633 2720 2863 2776 contra

732 2812 1000 2883 Sueton.
1041 2812 1207 2879 Caes.
1251 2833 1308 2878 c.
1359 2794 1501 2905 7⁸53
1543 2824 1778 2879 contra
1819 2835 2078 2880 coaevus
2123 2812 2378 2883 Cicero.
2426 2812 2628 2891 Mitto
2678 2836 2813 2881 rem
2835 2864 2856 2899 ‚

728 2941 931 3010 quam
951 2930 1183 2985 auctor
1203 2918 1340 3011 ipse
1360 2913 1807 2987 incredibilem
1832 2915 2105 3006 fatetur,
2123 2917 2207 2986 ab
2232 2916 2563 3010 equitibus
2584 2919 2855 2988 Caesaris

727 3025 946 3094 minus
986 3026 1186 3094 XXX
1232 3021 1441 3095 Gallis
1492 3023 1885 3093 Maurorum
1925 3024 2222 3118 equitum
2263 3022 2399 3099 duo
2453 3021 2658 3099 millia
2713 3022 2855 3094 loco

724 3153 866 3199 esse
896 3128 1100 3227 pulsa.
1148 3131 1347 3199 Mitto
1384 3131 1927 3224 provocationem
1971 3132 2374 3201 centurionis
2407 3130 2707 3226 praedicti
2725 3184 2747 3217 ‚
2782 3144 2851 3199 ut

723 3260 879 3305 cum
915 3238 1048 3307 suis
1088 3236 1318 3305 decem
1336 3260 1490 3306 cum
1514 3236 1791 3307 cohorte
1823 3237 2148 3331 Scipionis
2173 3237 2547 3309 firmissima
2571 3260 2848 3306 concur·

721 3358 914 3415 reret.
970 3345 1130 3411 Haec
1173 3339 1365 3437 plane
1421 3340 1867 3413 fabulatorum
1926 3344 2193 3437 genium
2246 3346 2511 3438 sapiunt
2563 3343 2779 3437 potius
2822 3395 2845 3429 ,

720 3471 920 3541 quam
975 3447 1639 3543 prudentissimorum
1667 3501 1686 3536 ‚
1714 3449 1953 3543 quibus
1983 3448 2297 3523 saecululn
2339 3447 2503 3519 illud
2539 3447 2841 3544 politissi-

716 3578 902 3626 mum
946 3554 1363 3641 abundabat,
1407 3556 1821 3650 scriptorum.
1878 3558 2029 3627 Huc
2070 3557 2267 3627 etiam
2311 3571 2381 3627 et
2418 3554 2581 3627 illud
2628 3552 2843 3625 refero

715 3685 772 3730 c.
825 3661 942 3758 78.
964 3716 983 3749 ‚
1019 3660 1200 3756 quod
1235 3660 1437 3749 dicit,
1473 3663 1751 3733 Caesaiis
1788 3664 1842 3731 si
1878 3686 2015 3733 non
2051 3662 2331 3758 amplius
2366 3677 2502 3733 tres
2538 3677 2655 3732 aut
2684 3686 2838 3756 qua·

713 3782 869 3837 tuor
897 3765 1135 3839 milites
1170 3769 1463 3839 veterani
1494 3793 1565 3837 se
1594 3770 2071 3841 convertissent
2089 3824 2110 3855 ‚
2143 3783 2211 3840 et
2241 3768 2372 3865 pila
2404 3770 2657 3840 viribus
2684 3793 2835 3838 con·

713 3887 889 3944 torta
928 3877 997 3944 in
1051 3874 1376 3945 Numidas
1431 3874 1702 3953 infestos
1745 3875 2178 3969 conjecissent
2199 3930 2220 3965 ‚
2264 3875 2546 3971 amplius
2590 3879 2660 3947 11
2694 3872 2832 3945 mil·

708 3979 870 4050 lium
907 4006 1186 4052 numero
1219 3982 1304 4052 ad
1331 4007 1538 4052 unum
1584 3997 1771 4077 terga
1812 3984 2103 4053 vertisse.
2149 3985 2318 4052 Sunt
2351 3986 2551 4053 etiam
2594 3985 2665 4052 in
2703 3981 2833 4051 dic»

708 4088 887 4156 tione
938 4086 1221 4183 plurima
1247 4143 1267 4178 ‚
1308 4115 1454 4185 quae
1497 4113 1694 4159 nemo
1745 4091 1992 4184 peritus
2041 4089 2280 4159 harum
2331 4114 2556 4160 rerum
2605 4111 2832 4161 censor

704 4192 788 4262 ad
837 4195 1112 4267 Caesaris
1162 4212 1419 4267 aetatem
1469 4193 1800 4284 retulerit3
1839 4221 1982 4292 cap.
2040 4220 2065 4267 1
2085 4222 2163 4280 ας
2202 4198 2495 4293 galeati.
2536 4199 2696 4267 Non
2728 4217 2828 4264 me
