3111 5147
720 558 822 649 ’48
985 566 1061 632 C.
1116 561 1422 631 JULII
1480 558 1978 628 CAESARIS
2032 556 2614 627 COMMENT.

722 720 800 764 ac
843 693 1165 791 praefectis
1199 680 1225 723 ⁴
1264 690 1692 786 reliquisque,
1726 691 1840 782 qui
1874 714 1955 758 ex
1988 689 2189 777 urbe,
2224 690 2524 758 amicitiae
2570 712 2773 758 causa
2800 674 2851 779 ⁵,

720 803 1049 871 Caesarem
1100 801 1304 870 secuti
1324 783 1374 885 ⁶,
1413 822 1550 865 non
1588 820 1902 890 magnum
1943 796 2010 864 in
2055 821 2127 864 re
2179 794 2440 863 militari
2485 819 2677 864 usum
2729 795 2849 863 ha·

718 907 966 976 bcbant
1005 933 1021 974 :
1073 930 1356 1000 quorum
1404 902 1569 972 alius
1621 901 1747 970 alia
1797 925 1996 971 causa
2042 899 2222 970 illata
2244 901 2293 989 ⁷,
2340 924 2538 995 quam
2594 901 2716 970 sibi
2763 901 2850 970 ad

719 1012 1271 1109 proficiscendum
1329 1009 1763 1078 necessariam
1819 1033 1961 1078 esse
2015 1007 2310 1077 dicerent
2333 1060 2352 1095 ‚
2389 1002 2736 1101 petebant,
2774 1022 2850 1077 ut

718 1120 859 1213 ejus
894 1117 1234 1187 voluntate
1257 1116 1591 1185 discedere
1614 1113 1840 1183 liceret
1865 1139 1879 1181 :
1911 1112 2243 1201 nonnulli,
2268 1112 2521 1209 pudore
2545 1112 2848 1201 adducti,

718 1239 804 1293 ut
850 1225 1102 1295 timoris
1156 1247 1264 1292 sus
1311 1223 1592 1290 icionem
1645 1222 1962 1307 vitarent,
2000 1219 2443 1289 remanebant.
2490 1221 2576 1287 Hi
2632 1244 2850 1315 neque

716 1328 975 1398 vultum
1001 1329 1248 1424 fingere
1292 1352 1532 1421 ,neque
1553 1327 1885 1396 interdum
1911 1325 2231 1421 lacrymas
2256 1341 2481 1395 tenere
2505 1340 2846 1419 poterant:

717 1435 921 1504 abditi
977 1438 1043 1503 in
1098 1433 1534 1503 tabernaculis
1591 1447 1706 1502 aut
1748 1457 1941 1502 suum
1983 1431 2194 1501 fatum
2230 1432 2704 1526 querebantur,
2732 1448 2849 1503 aut

717 1565 871 1610 cum
917 1539 1338 1609 familiaribus
1381 1541 1513 1609 suis
1557 1563 1909 1609 commune
1943 1536 2308 1634 periculum
2344 1538 2843 1608 miserabantur.

715 1647 938 1741 Vulgo
992 1648 1145 1716 totis
1206 1648 1435 1715 castris
1495 1660 1888 1714 testamenta
1948 1644 2468 1739 obsignabantur
2499 1642 2544 1713 ⁹.
2584 1648 2844 1713 Horum

713 1753 989 1824 vocibus
1050 1778 1128 1821 ac
1188 1755 1422 1820 timore
1479 1750 1793 1846 paulatim
1851 1753 2047 1821 etiam
2106 1752 2197 1836 ii,
2231 1752 2344 1844 qui
2399 1774 2716 1845 magnum
2775 1752 2845 1820 in

713 1861 944 1928 castris
1002 1883 1194 1928 usum
1253 1857 1586 1925 habebant
1604 1911 1624 1943 ‚
1659 1856 1895 1925 milites
1957 1859 2523 1951 Centurionesque
2542 1910 2562 1944 ‚
2602 1859 2846 1952 quique

712 1968 1006 2057 equitatu
1032 1963 1080 1987 ¹⁰
1115 1976 1478 2056 praeerant‚
1509 1962 2084 2056 perturbabantur.
2110 1964 2246 2051 Qui
2276 1988 2345 2032 se
2375 1987 2456 2031 ex
2487 1963 2590 2032 his
2624 1965 2845 2033 minus

714 2069 975 2139 timidos
1019 2070 1371 2137 existimari
1420 2066 1734 2139 volebant
1751 2123 1771 2157 ‚
1807 2092 1942 2137 non
2001 2093 2071 2138 se
2125 2069 2384 2139 hostem
2439 2072 2654 2137 vereri
2673 2124 2694 2159 ‚
2729 2070 2846 2140 sed

716 2307 838 2356 terni
865 2324 891 2355 e
922 2304 1131 2357 tribubus
1160 2305 1434 2367 Rutunium,
1467 2304 1696 2357 Lucerum
1713 2344 1729 2366 ,

718 2385 912 2437 Tatium
942 2385 1056 2436 olim
1097 2385 1166 2435 ud
1198 2389 1451 2436 exercitum
1482 2384 1732 2436 mitteban-

1819 2304 2041 2376 vulgatoe
2074 2304 2271 2358 habent
2295 2322 2309 2357 ε
2334 2323 2555 2375 magnum
2579 2306 2841 2376 perieulum

1820 2384 2187 2446 miserabantur,
2208 2384 2351 2456 quod.
2382 2385 2620 2438 Primum
2650 2387 2842 2440 absunt

714 2478 806 2515 tut.
826 2467 869 2515 A
882 2465 1082 2535 populo
1103 2464 1393 2534 antiquitus
1409 2463 1624 2530 delecti,
1640 2462 1732 2516 sed

710 2540 1047 2615 postmodum
1078 2555 1132 2596 et
1175 2556 1294 2596 ante
1338 2542 1554 2596 Caesaris
1600 2555 1732 2596 tem·

709 2642 841 2694 pora
871 2642 992 2694 pars
1022 2642 1207 2675 eorum
1228 2623 1400 2688 Rusula'
1420 2621 1550 2676 dicti
1579 2636 1730 2690 sunt,

709 2719 740 2753 a
770 2702 882 2772 lege
924 2703 1109 2754 Rutilii
1139 2700 1278 2771 Rufi,
1320 2714 1372 2754 et
1402 2702 1457 2755 in
1497 2704 1732 2772 exercitu

711 2782 779 2833 ab
808 2781 1122 2853 imperatore
1154 2781 1305 2846 facti,
1337 2782 1428 2853 qui
1458 2800 1596 2854 sepe
1620 2783 1731 2837 hec

708 2861 889 2913 munia
919 2861 1127 2926 amicis,
1157 2874 1209 2914 et
1237 2861 1441 2931 gratim,
1472 2881 1582 2914 non
1619 2862 1730 2916 vir-

709 2941 811 2992 tuti
849 2939 1182 2994 concedebat.
1227 2941 1293 2993 In
1340 2959 1447 3012 quo
1491 2959 1731 3014 peccasse

709 3018 765 3073 h.
801 3021 839 3072 l.
872 3021 1045 3074 Caesar
1074 3019 1304 3074 videtur·
1337 3022 1520 3092 Veget.
1552 3023 1639 3087 H,
1675 3041 1728 3092 7,

709 3097 818 3152 duo
841 3101 1179 3154 tribunorum
1212 3119 1401 3173 genera
1422 3119 1532 3155 esse
1559 3100 1728 3155 dicit.

709 3183 864 3250 major
895 3200 989 3252 per
1027 3182 1270 3253 epistolam
1306 3200 1490 3233 sacrum
1528 3185 1727 3252 ιἠφενα-

711 3263 825 3310 ton's
839 3260 1028 3329 judicio
1057 3261 1322 3312 destinatur
1340 3280 1360 3312 .·
1389 3264 1541 3311 minor
1563 3280 1730 3331 pmve·

709 3341 783 3388 nit
800 3359 860 3389 ex
887 3339 1062 3391 labore.

790 3425 841 3481 4.
871 3418 1115 3484 Proeficti.
1136 3417 1287 3469 Varii
1318 3430 1485 3470 erant.
1518 3417 1620 3471 Hic
1646 3430 1725 3471 ta-

707 3515 829 3549 men
843 3497 1074 3569 praesecti
1088 3497 1355 3567 legionum
1375 3497 1522 3548 innui
1538 3497 1725 3549 viden-

708 3587 813 3642 tur,
824 3595 955 3648 quos
967 3594 1145 3648 penes,
1163 3577 1319 3628 absen
1325 3588 1375 3629 te
1388 3576 1577 3646 legato,
1590 3595 1728 3629 sum-

706 3674 792 3709 ma
823 3656 1100 3710 auctoritas
1131 3666 1280 3708 esset.

790 3737 843 3789 δ’.
905 3736 1152 3789 Amicieioe
1207 3755 1367 3788 causa.
1415 3735 1726 3789 Plutarchus

706 3815 888 3869 scribit
918 3816 1015 3868 hos
1046 3813 1113 3867 ad
1149 3813 1360 3868 delicias
1383 3827 1437 3867 et
1469 3828 1726 3886 quaestum

706 3896 957 3950 abusums
997 3893 1328 3967 expeditione
1369 3896 1613 3961 Caesaris,
1658 3895 1726 3949 ad

705 3974 808 4027 hoc
828 3975 1026 4028 bellum
1055 3975 1288 4043 venisse·
1309 3974 1452 4046 quod
1475 3988 1528 4030 et
1549 3994 1723 4029 exem-

703 4053 795 4125 plo
822 4055 895 4107 M.
931 4054 1067 4106 Orfii
1099 4068 1329 4121 constat,
1367 4074 1526 4127 quem
1553 4056 1727 4109 Casar

701 4134 825 4203 joco
847 4134 1027 4186 scribit
1055 4135 1299 4188 Ciceroni
1318 4155 1373 4188 se
1394 4154 1571 4206 regem
1598 4135 1724 4189 Gal-

704 4211 789 4264 liae
819 4213 1096 4268 facturum.
1120 4216 1221 4286 Ep.
1238 4215 1309 4267 ad
1324 4216 1467 4268 Fam.
1490 4233 1593 4280 vn,
1619 4216 1668 4268 5.

786 4293 841 4344 6.
883 4290 1059 4345 secuti.
1092 4293 1219 4346 Post
1249 4295 1361 4347 hnc
1389 4296 1546 4346 verba
1561 4331 1577 4360 ‚
1600 4292 1722 4347 edd.

1820 2482 1849 2517 a
1878 2462 2035 2517 codd.
2076 2463 2317 2535 pluribus
2356 2476 2410 2517 et
2452 2463 2574 2517 edd.
2616 2478 2747 2519 antt.
2787 2480 2844 2519 et

1818 2544 2135 2616 metaphrasi
2165 2563 2356 2616 ὅππη
2386 2542 2579 2599 deinde
2611 2564 2642 2599 a
2676 2545 2840 2600 sciolo

1817 2622 2048 2694 quodam
2100 2624 2279 2696 inepte
2329 2625 2529 2678 intrusa
2587 2624 2840 2679 videntur

1818 2703 2091 2757 Oberlino.
2129 2703 2255 2757 Haec
2283 2716 2456 2757 tamen
2491 2706 2662 2759 nostri
2687 2704 2837 2759 codi-

1816 2801 1901 2836 ces
1921 2783 2268 2855 antiquissimi
2298 2785 2511 2837 habent.

1897 2882 1951 2932 7.
1970 2862 2131 2917 Causa
2156 2864 2308 2916 allata.
2325 2862 2526 2916 Eodem
2555 2882 2711 2917 sensu
2730 2884 2838 2937 quo

1815 2940 2067 2995 Phaedrus
2093 2943 2197 2996 fab.
2228 2961 2281 3009 1,
2303 2962 2353 2997 v.
2383 2950 2434 3009 4.
2463 2943 2837 3013 Iurgic'causam

1817 3023 1994 3075 unuln.

1896 3102 1950 3155 8.
1985 3100 2184 3154 Vultum
2194 3100 2401 3172 fingere
2432 3101 2683 3155 Similiter
2705 3105 2837 3158 Vir-

1813 3181 1902 3251 gil.
1934 3181 2072 3252 Spem
2094 3181 2236 3233 ‘vultu
2258 3182 2481 3235 simulat:
2491 3187 2667 3252 premit
2684 3184 2836 3236 altum

1813 3261 1953 3311 corde
1990 3261 2213 3314 dolorem.
2259 3260 2455 3314 Grocis
2504 3264 2838 3333 σχηματίζω-

1811 3345 1914 3397 θσιι,
1935 3343 2239 3393 πλαττ-(σθαι
2259 3343 2434 3411 τρόπον
2448 3379 2465 3406 ,
2485 3339 2698 3412 quando
2713 3342 2836 3412 quis

1812 3419 2187 3484 constantiam,
2217 3420 2301 3471 vel
2336 3418 2480 3472 aliud
2511 3420 2638 3491 quid
2666 3421 2833 3474 simu-

1810 3498 1914 3565 lat,
1945 3498 2116 3570 reipsa
2146 3497 2441 3553 destitutus.

1894 3597 1947 3646 9.
1992 3576 2051 3630 V
2043 3579 2158 3648 ulgo
2198 3583 2308 3631 totis
2348 3583 2516 3631 castris
2555 3591 2834 3632 testamenta

1812 3657 2199 3727 obsignabantur.
2217 3658 2415 3713 Milites
2428 3659 2484 3711 in
2501 3659 2698 3724 bellum
2711 3679 2836 3731 pro-

1812 3737 2029 3802 fecturi,
2062 3749 2152 3790 aut
2175 3740 2284 3810 jam
2324 3737 2390 3791 ad
2431 3739 2594 3792 aciem
2630 3741 2831 3811 parati,

1812 3816 2079 3882 celeriter,
2106 3818 2301 3889 absque
2329 3818 2436 3870 ulla
2471 3818 2832 3885 solemnitate,

1812 3908 2177 3950 testamentum
2190 3897 2705 3970 obsignabant,quod
2718 3901 2837 3970 qui-

1812 3974 1934 4029 dem
1970 3981 2019 4028 in
2042 3982 2291 4049 procinctu
2323 3976 2609 4031 dicebatur.
2645 3981 2726 4032 De
2766 3979 2835 4032 iis

1812 4067 2103 4110 testament.
2135 4056 2245 4110 vid.
2279 4057 2512 4110 Institut.
2542 4058 2576 4109 J
2579 4058 2832 4113 ustinian.

1809 4134 1847 4187 l.
1876 4155 1952 4203 11,
1980 4137 2061 4190 tit.
2089 4155 2152 4191 ιι.
2187 4137 2479 4190 Bamms.

1897 4235 1980 4270 10.
2023 4218 2276 4290 Equitum.
2302 4217 2515 4288 Vulgat.
2547 4216 2669 4271 edd.
2695 4222 2835 4289 equi-

1813 4301 1952 4349 tatui.
1975 4294 2106 4350 vid.
2137 4314 2280 4366 supr.
2312 4315 2359 4350 c.
2400 4301 2489 4351 16.
