3111 5147
1206 739 2353 848 DISSERTATIO

687 1035 692 1040 ·
818 988 1618 1116 HENRICI
1707 983 2736 1109 DODWELLI

626 1221 630 1228 ’
1319 1243 1501 1332 DE
1570 1237 2247 1331 AUCTORE

857 1481 1047 1537 unm
1089 1487 1349 1536 OCTAVI
1404 1487 1497 1534 DE
1554 1483 1780 1532 nmmo
1828 1481 2172 1548 GALL1003
2218 1477 2304 1530 ΕΤ
2348 1481 2733 1530 LIBRORUM

725 1598 813 1643 DE
858 1593 1374 1643 ALEXANDRINO
1400 1623 1420 1658 ,
1477 1587 1838 1640 AFRICANO
1896 1589 2127 1650 ATQUE
2184 1589 2567 1637 mspamco
2614 1591 2868 1636 BELLO.

1770 1785 2397 1824 μ--σ

721 1986 993 2055 Auctor
1011 1983 1300 2074 Prologi
1330 1978 1436 2049 ad
1457 1977 1696 2047 libr-mn
1720 1979 1809 2047 de
1826 1980 2020 2048 Bello
2049 1978 2320 2048 Gallico
2347 1979 2562 2067 VIII,
2595 1983 2871 2050 Hirtius

1077 2092 1320 2185 potius
1327 2085 1570 2179 fuisse
1610 2084 1898 2172 vedetur,
1948 2105 2156 2179 quam
2206 2083 2485 2184 Oppius.

729 2285 852 2411 St
890 2334 1154 2438 quidem
1183 2347 1362 2403 recte
1389 2332 1632 2401 habeat
1672 2328 1854 2399 locus
1900 2327 2234 2420 Suetonii,
2254 2329 2393 2424 jam
2422 2346 2567 2400 tum
2596 2335 2860 2402 exstite-

722 2444 858 2512 rint
908 2455 1172 2535 oportet
1222 2437 1369 2508 libri
1406 2462 1636 2506 omnes
1659 2489 1679 2523 ,
1720 2461 1885 2530 quos
1929 2434 2276 2531 pollicetur
2316 2453 2554 2507 auctor
2598 2437 2863 2533 Prologi

725 2549 810 2617 ad
854 2546 1093 2616 librum
1131 2542 1281 2614 belli
1313 2542 1548 2614 Gallici
1591 2545 1792 2612 VIII:
1823 2543 2119 2613 nondum
2160 2558 2417 2631 autem,
2446 2558 2524 2614 ut
2565 2544 2861 2631 videtur,

725 2655 849 2723 sub
904 2655 1170 2723 nomine
1212 2647 1367 2720 Julii
1423 2647 1649 2733 Celsi,
1692 2649 1806 2718 sed
1860 2651 2063 2746 Oppii
2123 2648 2443 2721 duntaxat
2489 2666 2561 2720 et
2612 2654 2803 2721 Hirtii
2840 2679 2856 2720 :

723 2773 1043 2852 erantque
1072 2782 1228 2828 sane
1255 2754 1452 2827 ambo
1482 2752 1577 2826 illi
1604 2758 1851 2826 Caesari
1879 2759 2035 2826 satis
2070 2754 2439 2828 familiare&
2473 2762 2618 2828 Gur
2642 2774 2859 2828 autem

721 2867 951 2960 Oppio
992 2866 1439 2934 tribuerentur
1466 2914 1486 2951 ,
1529 2887 1676 2932 eam
1720 2884 1987 2932 eausam
2032 2865 2197 2932 satis·
2229 2863 2652 2934 verisimilem
2700 2866 2861 2935 mihi

725 2973 948 3041 videre
1000 2972 1231 3041 videor
1262 3026 1281 3060 ,
1324 2968 1504 3065 quod
1554 2984 1786 3039 auctor
1842 2966 1948 3038 ille
1974 3023 1994 3059 ,
2046 2972 2443 3066 quicumque
2498 2970 2767 3041 demum
2808 2974 2862 3043 is

726 3078 924 3148 fuerit
948 3132 968 3163 ‚
1011 3076 1217 3149 Balbo
1273 3074 1625 3173 prologum
1682 3100 1877 3145 suum
1933 3074 2353 3171 inscripserit
2404 3080 2618 3147 Erant
2686 3081 2857 3149 euim

727 3210 883 3254 sane
910 3186 1170 3279 Oppius
1203 3199 1400 3278 atque
1431 3180 1672 3252 Balbus
1705 3182 2183 3252 necessitudine
2215 3182 2679 3279 aliqua‚quam
2712 3202 2858 3254 nes·

726 3294 935 3359 cimus
967 3345 986 3379 ‚
1027 3306 1103 3359 ut
1144 3290 1406 3359 videtur
1437 3343 1456 3377 ‚
1498 3288 1779 3357 invicem
1824 3289 2341 3383 conjunctissimi
2389 3317 2404 3358 :
2451 3288 2614 3361 forte
2653 3286 2854 3361 officii

725 3394 999 3491 alicujus
1055 3421 1252 3466 causa
1279 3448 1299 3482 ‚
1342 3396 1683 3488 utriusque
1735 3420 1911 3464 curae
1953 3419 1995 3463 a
2035 3399 2296 3465 Coesare
2353 3398 2599 3467 crediti.
2654 3398 2853 3466 Certe

727 3506 987 3596 utrique
1032 3504 1378 3596 inscriptas
1437 3500 1787 3569 nonnullas
1826 3501 2132 3596 epistolas
2184 3506 2463 3573 Caesaris
2507 3504 2857 3591 habemus,

725 3609 1052 3705 hodieque
1085 3610 1152 3676 in
1181 3607 1349 3676 libro
1386 3606 1726 3676 Ciceronis
1749 3607 1831 3675 ad
1859 3609 2152 3677 Atticum
2178 3608 2305 3683 IX.
2326 3610 2416 3678 Et
2436 3609 2641 3680 libros
2666 3611 2857 3680 fuisse

723 3713 1150 3810 epistolarum
1190 3712 1276 3783 ad
1312 3728 1666 3808 utrumque
1687 3762 1708 3802 ‚
1742 3713 1939 3783 docet
1973 3713 2263 3803 Gellius,
2285 3719 2361 3785 L.
2394 3718 2621 3787 XVII.
2658 3720 2849 3786 Noet-

725 3824 920 3891 Attio.
961 3845 1104 3915 cap.
1143 3844 1227 3917 9,
1258 3822 1371 3914 qui
1410 3822 1733 3889 rationem
1779 3819 1994 3908 addit,
2030 3818 2209 3915 quod
2250 3844 2354 3891 res
2390 3823 2531 3916 ejus
2577 3824 2853 3893 absentis

723 3941 1052 3997 curarent.
1086 3928 1369 3997 Litteras
1396 3952 1690 4015 curasse,
1716 3925 1910 3995 docet
1938 3928 2150 3996 Cicer.
2178 3927 2263 3995 ad
2291 3929 2520 4018 Quint.
2551 3928 2632 3999 fr.
2662 3955 2763 4024 ep.
2798 3952 2850 3998 1.

725 4035 812 4101 Se
848 4049 1067 4103 autem
1104 4032 1276 4103 bello
1317 4033 1763 4103 Alexandrino
1804 4047 2000 4127 atque
2040 4034 2353 4104 Africano
2390 4035 2682 4105 abfuisse
2703 4090 2723 4121 ‚
2763 4034 2853 4102 lu·

724 4137 887 4208 bens
930 4143 1230 4234 agnoscit
1278 4139 1544 4235 Prologi
1597 4154 1845 4210 auctor.
1895 4140 2027 4209 Sed
2077 4141 2371 4211 absentia
2414 4138 2523 4210 illa
2582 4141 2850 4213 Caesaris
