3111 5147
481 543 620 613 DE
672 545 1017 614 BELLO
1071 545 1560 614 GALLICO.
1619 547 1805 616 LIB.
1873 547 2049 618 VII.

2216 535 2366 640 393

233 671 470 769 gladiis
507 702 646 745 rem
690 692 947 772 gerunt.
992 679 1292 772 Repente
1333 692 1486 771 post
1526 664 1824 773 tergum⁵
1856 679 2184 773 equitatus
2225 702 2367 746 εει»

236 784 459 850 nitur:
490 784 798 854 cohortes
827 783 969 852 aliae
992 785 1564 878 appropinquant:
1588 785 1813 854 hostes
1840 799 2025 879 terga
2053 796 2366 857 vertunt:

235 993 451 1054 tempus
466 1001 640 1054 neque
655 983 884 1055 spatium
900 996 1013 1036 erat
1029 984 1263 1055 pilorum

235 1061 939 1116 emittendoruanbienus
947 1063 1264 1116 cumcohor-

239 1141 387 1194 tibus
410 1156 461 1195 et
475 1144 662 1195 turmis
683 1141 919 1196 subsidio
928 1143 1262 1215 missis,prae-

238 1234 391 1274 sente
424 1223 628 1276 Caere
642 1261 659 1288 ,
685 1224 949 1295 extemplo
983 1224 1147 1276 aciem
1169 1242 1261 1276 ex·

238 1302 407 1373 plicat
419 1321 561 1374 pone
573 1303 916 1370 munitiones,
928 1314 1049 1355 ante
1062 1315 1230 1356 castre
1243 1339 1261 1368 ,

239 1377 495 1462 (Ifjbrme
508 1403 562 1434 sa
587 1383 718 1452 lagae
737 1382 938 1454 est-defu
956 1382 1016 1433 de
1037 1383 1087 1433 la
1101 1387 1264 1453 partie

241 1460 311 1512 du
325 1473 532 1533 teutpert
543 1462 737 1514 dontles
749 1466 952 1515 ementis
965 1467 1144 1514 etaient
1151 1462 1262 1534 deja

241 1547 457 1604 mura,
492 1561 552 1593 en
588 1553 737 1593 avant
775 1542 857 1594 des
899 1562 1059 1613 cumps
1095 1553 1146 1593 et
1178 1543 1262 1594 des

241 1620 487 1682 ndentes,
521 1641 606 1673 sur
633 1622 1115 1693 unfivntpamllele
1141 1624 1263 1675 ὰω-

245 1701 320 1752 lm·
347 1720 436 1772 que
466 1702 533 1753 les
561 1701 769 1756 Gaulois
804 1707 1083 1773 oocupaient
1112 1722 1197 1754 sur
1218 1702 1263 1754 le

245 1780 474 1851 rampart)
483 1802 504 1845 ,·
524 1792 576 1834 et
588 1784 772 1832 omissis
785 1782 919 1852 pilis,
947 1800 1070 1834 cum
1078 1780 1263 1855 gladiis

242 1861 371 1914 solis
383 1880 496 1914 rem
508 1863 633 1933 egit,
641 1860 697 1913 id
710 1875 805 1926 est,
818 1862 1032 1932 exeipit,
1041 1863 1262 1916 sustinet

241 1941 503 2013 impetum
526 1941 828 2007 Gallorum,
845 1940 975 1994 dum
1000 1943 1264 2013 equitatus

244 2033 300 2073 et
329 2022 579 2074 cohortes
607 2021 699 2092 qui
716 2023 826 2093 jam
841 2034 961 2074 ante
983 2023 1264 2075 circumire

243 2096 497 2165 (tom-ner)
525 2101 847 2154 munitiones
858 2103 1141 2155 exteriores
1150 2105 1263 2174 jus-

242 2181 291 2234 si
322 2193 505 2246 erant,
530 2181 705 2234 hostes
746 2180 1077 2234 adoriuntur.
1119 2183 1263 2235 Bene

244 2260 412 2331 igitur
435 2265 617 2313 omim's
637 2257 914 2332 pili-cham
934 2261 1040 2333 pila
1058 2263 1264 2314 eminus

239 2337 619 2412 jaciebantur).
643 2340 814 2395 Graec.
843 2341 998 2395 inter.
1023 2343 1263 2412 ἄρξαντας.

331 2420 385 2473 5.
424 2422 630 2492 Repente
666 2434 782 2492 post
821 2434 1001 2491 tergum
1014 2460 1029 2483 ‚
1075 2432 1163 2473 etc.
1197 2422 1265 2474 Et

243 2500 351 2553 hoe
382 2513 494 2553 erat
522 2519 712 2573 pugnae
740 2501 891 2554 istius
913 2499 1267 2553 memoranda

244 2600 514 2635 summum
541 2594 716 2653 eaput.
747 2581 850 2635 Sed
880 2581 1131 2654 quoniam
1157 2584 1267 2655 jam

243 2661 570 2715 munitiones
606 2679 810 2714 summa
835 2680 958 2715 eum
987 2680 1112 2715 curt
1147 2660 1268 2714 des-

244 2742 552 2813 cripsimus,
587 2740 724 2793 ratio
747 2743 1012 2812 postulare
1034 2740 1265 2807 videtur,

247 2833 311 2874 ut
325 2821 508 2893 paucis
522 2821 700 2874 verbis
716 2819 958 2873 ordinem
976 2840 1166 2892 pugna
1188 2840 1269 2873 re·

247 2913 521 2972 petamus,
545 2913 703 2973 atque
741 2901 906 2953 veluti
956 2901 1013 2952 in
1052 2902 1266 2972 speculo

249 2981 447 3034 nostris
483 2980 771 3034 lectoribus
812 2980 1168 3051 subjiciamus.
1215 2982 1267 3033 Is

248 3074 428 3113 autem
441 3060 541 3114 fuit
552 3079 565 3114 :
580 3060 877 3114 munitione
889 3073 1004 3113 tum
1017 3061 1268 3113 interiore

249 3136 272 3202 (
284 3141 336 3191 la
357 3140 487 3211 ligne
507 3141 568 3192 de
587 3136 1035 3205 circunvallation),
1051 3153 1163 3193 tum
1177 3159 1268 3192 ex·

252 3221 451 3273 terior-e
464 3216 485 3281 (
495 3221 544 3271 la
580 3221 710 3291 ligne
751 3220 811 3272 de
849 3215 1267 3283 contremuation)

247 3301 520 3366 formatis,
551 3300 691 3352 fossa
718 3301 868 3372 prius
896 3318 965 3352 xx
1000 3299 1123 3371 ped.
1166 3299 1272 3352 lats

251 3379 318 3434 sd
349 3398 420 3433 cn
449 3379 573 3452 ped.
616 3378 874 3452 producta
889 3417 906 3446 ,
944 3377 1140 3433 deinde
1171 3380 1270 3432 cir·

254 3462 568 3514 cumoinctis
595 3459 800 3513 duabus
831 3459 945 3512 aliis
968 3460 1116 3513 fossis
1133 3479 1201 3513 xv
1213 3479 1269 3531 p.

251 3541 392 3605 letis,
407 3540 723 3592 intermixtis
732 3540 977 3606 stimulis,
985 3540 1111 3593 liliis
1125 3579 1141 3606 ,
1157 3541 1271 3612 cip·

252 3621 337 3692 pis
350 3659 367 3685 ‚
381 3616 598 3673 demum
613 3639 797 3692 aggere
812 3657 828 3686 ,
842 3620 980 3672 vallo
1003 3620 1272 3691 loricaque

253 3712 309 3752 et
328 3700 497 3752 oervis
522 3700 898 3753 circumcincto
927 3718 986 3751 ac
1016 3698 1232 3753 defenso
1254 3737 1270 3764 ,

253 3781 429 3833 Caesar
470 3779 677 3833 hostem
719 3780 1009 3852 opperitur.
1052 3782 1187 3832 Ante
1218 3798 1273 3831 se

254 3860 416 3913 habet
439 3857 699 3930 oppidum
726 3860 907 3913 casti-is
922 3897 938 3924 ,
959 3859 1271 3912 munitioni-

255 3941 356 3993 bus
370 3978 386 4005 ,
400 3950 455 3992 et
472 3957 607 3992 mx
621 3940 768 3992 hom.
786 3938 921 3993 duce
933 3940 1277 4010 Vercingeto-

253 4021 385 4091 rige,
410 4031 727 4090 protectum3
741 4038 882 4091 pone
903 4038 958 4072 se
972 4019 1274 4071 Commium

256 4100 562 4152 Atrebatem
593 4117 714 4151 oum
726 4118 857 4151 ccxx.
871 4098 1104 4152 millibus
1127 4100 1274 4151 hom.

258 4177 494 4231 subsidio
520 4179 586 4231 ab
599 4180 745 4231 omni
764 4177 935 4232 Galli·
955 4178 1141 4231 missis.
1162 4176 1272 4230 Ad·

252 4271 418 4313 ventu
441 4259 1020 4323 Commiietsoeiorum,
1033 4258 1274 4335 prelium

1348 996 1592 1057 equestre
1603 985 1659 1037 in
1668 1001 1871 1056 campo,
1876 984 2016 1038 inter
2024 985 2257 1038 hostium
2265 1002 2371 1037 cas·

1348 1075 1430 1116 tra
1450 1075 1504 1116 et
1525 1065 1873 1118 munitionem
1891 1065 2202 1118 exteriorem
2224 1082 2369 1116 com-

1349 1143 1582 1197 mittitur
1596 1140 1730 1216 (cap.
1751 1142 1867 1210 80);
1881 1144 2158 1198 Gallorum
2167 1144 2368 1215 equitn-

1350 1236 1433 1277 tus
1444 1225 1733 1296 repellitur.
1759 1222 2022 1278 Postridie
2039 1222 2370 1278 soeiimuni·

1348 1304 1518 1357 tiones
1533 1303 1909 1376 aggrediuntur
1918 1304 2220 1368 exteriores,
2235 1304 2292 1355 in
2309 1321 2369 1355 ea

1347 1396 1497 1455 parte
1522 1403 1627 1456 qua
1658 1396 1808 1437 erant
1835 1396 2003 1437 castra
2028 1383 2286 1437 Trebonii
2318 1394 2372 1435 et

1346 1464 1587 1528 Antonii,
1600 1461 1731 1516 dum
1738 1464 2143 1534 Vercingetorix
2150 1462 2369 1515 interio-

1346 1562 1719 1616 reserumpere
1728 1554 1911 1595 tentat:
1922 1541 2303 1607 sedreinfeotn,
2316 1553 2372 1595 et

1347 1623 1527 1676 multis
1536 1623 1754 1688 amissis,
1766 1622 1893 1675 socii
1904 1619 2183 1675 discedunt
2192 1618 2258 1684 (c.
2272 1624 2304 1675 8
2320 1640 2341 1674 t
2351 1659 2369 1688 ,

1350 1700 2371 1773 82).Atnonadeoplanusfuiturbisam·

1346 1781 1515 1849 bitus,
1554 1784 1688 1854 quin
1736 1782 2008 1835 nonnullo
2038 1792 2370 1853 superessent

1347 1875 1523 1934 partes
1530 1863 1856 1928 excelsiores,
1866 1862 1951 1914 vel
1962 1861 2120 1914 etiam
2129 1860 2369 1930 aliqnan-

1348 1944 1519 1996 tulum
1545 1940 2227 2015 preruptae,qunfirmiter
2250 1958 2369 1993 mu·

1347 2023 1454 2075 niri
1471 2042 1531 2076 no
1553 2020 1769 2075 defendi
1792 2021 2163 2092 nequiverant,
2181 2032 2234 2074 et
2255 2021 2373 2091 qui-

1349 2100 1474 2155 dem
1516 2121 1546 2155 a
1578 2102 1967 2175 Septemtrione
2016 2101 2165 2153 collis
2213 2113 2325 2153 erat
2350 2137 2367 2164 ,

1348 2201 1506 2255 quem
1546 2194 1767 2255 propter
1814 2179 2238 2252 magnitudinem
2274 2180 2373 2232 cir·

1348 2262 1631 2334 cumplecti
1660 2279 1770 2313 non
1810 2273 2093 2332 potuerant
2128 2259 2370 2312 Romani.

1350 2343 1520 2395 Porro
1551 2343 1640 2394 hic
1670 2353 1749 2394 est
1785 2341 1962 2404 oollis,
2008 2358 2038 2391 a
2077 2340 2232 2392 sociis
2274 2336 2367 2391 de-

1350 2423 1514 2476 lectus
1550 2421 1619 2475 ad
1659 2421 1982 2492 praecipuam
2019 2418 2369 2492 oppugnatio-

1350 2520 1473 2554 nem
1489 2540 1506 2568 ,
1559 2499 1742 2554 eadem
1798 2500 2001 2552 ratione
2039 2518 2069 2552 a
2120 2498 2372 2552 Romanis

1352 2581 1417 2636 nd
1429 2582 1804 2636 defensionem.
1818 2581 2245 2652 Vergasillsunus
2254 2579 2373 2632 mit-

1353 2663 1484 2716 titur
1503 2683 1626 2716 cum
1658 2681 1723 2714 Lx
1754 2662 1868 2714 mil.
1912 2660 2058 2714 hom.
2114 2658 2181 2713 ad
2226 2679 2368 2712 sum-

1353 2761 1499 2796 mum
1539 2742 1729 2794 oollem
1776 2740 2144 2812 occupandum
2158 2779 2175 2807 ,
2228 2737 2370 2793 unde

1352 2834 1654 2894 erumperet
1672 2822 1727 2873 in
1749 2822 2013 2874 Romanos
2037 2821 2222 2891 iniquo
2252 2820 2371 2873 loco

1352 2902 1706 2955 castrametari
1751 2912 1986 2964 coactos,
2031 2899 2160 2952 dum
2207 2901 2371 2953 Com-

1352 2980 1489 3033 mius
1544 2981 1765 3032 Atrebas
1814 2998 1938 3031 cum
1995 2978 2225 3033 exercitu
2273 2999 2369 3031 suo

1352 3062 1463 3114 fere
1493 3061 1700 3131 integro
1734 3058 2007 3131 planitiem
2048 3071 2329 3129 occuparet
2351 3097 2368 3124 ,

1352 3152 1408 3194 et
1429 3141 1495 3193 ab
1523 3141 1623 3193 alin
1650 3151 1799 3210 parte
1821 3138 2223 3209 Vercingetorix
2251 3156 2369 3189 mu-

1352 3221 1582 3273 nitiones
1637 3216 2005 3290 aggrederetur
2057 3217 2369 3282 interiores3

1353 3298 1495 3353 haud
1528 3301 1732 3371 ingrata
1763 3316 1886 3350 sane
1932 3298 2029 3350 ista
2074 3296 2368 3369 dispositio.

1355 3380 1478 3432 Hac
1506 3392 1656 3432 erant
1695 3378 1887 3431 Cesari
1926 3375 2157 3430 adversa.
2203 3377 2372 3430 Multa

1353 3479 1482 3513 vero
1516 3460 1644 3512 huie
1674 3456 1905 3511 secunda
1921 3497 1937 3523 ,
1968 3458 2078 3510 scil.
2112 3455 2371 3510 fortitudo

1355 3552 1407 3592 et
1435 3539 1757 3611 experientia
1790 3537 2018 3590 militum
2047 3555 2262 3590 suorum
2277 3575 2294 3602 ,
2320 3549 2374 3589 et

1354 3618 1728 3680 munitionum,
1740 3637 1869 3690 quas
1878 3629 1998 3670 ante
2007 3617 2349 3669 fabricaverat
2358 3656 2375 3682 ,

1357 3698 1576 3751 firmitas
1591 3716 1605 3750 ε
1619 3716 1741 3750 nam
1765 3698 1821 3749 in
1846 3697 2221 3769 campestribus
2242 3697 2374 3749 locis

1355 3778 1569 3830 nonnisi
1590 3796 1781 3849 magno
1810 3778 2087 3830 hominum
2118 3795 2372 3841 numero,

1356 3870 1408 3909 et
1440 3857 1707 3909 immensis
1730 3858 1935 3910 viribus
1964 3856 2249 3928 expugnari
2274 3875 2373 3927 po-

1357 3949 1545 3990 terant.
1570 3937 1782 3991 Etenim
1803 3936 2230 4009 Vergasillaunus
2251 3954 2374 3987 cum

1357 4018 1593 4070 exercitu
1610 4035 1709 4070 suo
1724 4018 1811 4069 vix
1839 4017 2041 4087 aliquot
2059 4034 2240 4088 pessus
2255 4033 2375 4068 mu-

1356 4097 1577 4149 nitionis
1590 4097 1855 4168 complere
1868 4114 1928 4149 ae
1940 4096 2274 4167 complanare
2285 4114 2375 4148 vn-

1359 4177 1488 4242 luit,
1516 4196 1632 4249 cap.
1664 4176 1736 4229 85
1766 4189 1820 4229 et
1841 4179 1945 4242 86,
1962 4188 2117 4246 atque
2138 4176 2297 4228 etism
2319 4176 2375 4227 in

1358 4257 1480 4311 loco
1494 4257 1597 4310 sibi
1610 4269 1913 4330 opportuno
1929 4268 1982 4309 et
2006 4256 2255 4311 Romanis
2275 4257 2376 4308 ini-2
