3111 5147
570 511 707 579 DE
760 511 1104 580 BELLO
1158 514 1645 584 GALLICO.
1704 518 1888 587 LIB.
1946 521 2074 590 IV.
2257 523 2386 595 161

277 642 427 728 bat3
449 655 518 710 et
538 643 902 730 onerariaS,
923 667 1070 737 quae
1091 643 1176 712 ad
1198 668 1472 715 ancoras
1496 662 1685 715 erant
1703 648 1995 745 deligatae
2009 704 2028 738 ‚
2053 666 2401 747 tempestas

280 747 672 834 afflictabat3
705 772 918 842 neque
956 748 1088 816 ulla
1130 752 1368 818 nostris
1410 750 1683 821 facultas
1726 769 1842 822 aut
1877 756 2401 848 administrandi,

280 867 398 921 aut
429 853 781 922 auxiliandi
821 853 1116 922 dabatur.
1161 853 1629 949 Compluribus
1658 859 1932 929 navibus
1965 861 2219 951 fractis,
2263 864 2403 934 reli-

280 983 428 1054 quae
448 984 658 1053 quum
687 974 936 1046 essent,
949 958 1250 1047 funibus,
1269 963 1524 1029 ancoris
1535 961 1965 1059 ,reliquisque
1981 973 2399 1040 armamentis

283 1065 563 1154 amissis,
589 1064 672 1132 ad
712 1063 1156 1158 navigandum
1195 1065 1450 1134 inutiles
1464 1092 1780 1164 Mmagna
1808 1070 1875 1139 id
1918 1073 2130 1204 quod³
2136 1099 2400 1146 necesse

283 1185 427 1240 erat
454 1170 784 1257 accidere,
810 1171 1007 1239 totius
1034 1173 1354 1240 exercitus
1377 1174 1781 1267 perturbatio
1802 1175 1976 1246 facta
1997 1164 2161 1248 est³z
2188 1205 2400 1275 neque

284 1278 459 1344 enim
493 1301 696 1345 naves
734 1290 922 1345 erant
952 1274 1124 1361 aliae,
1150 1278 1386 1370 quibus
1414 1283 1735 1372 reportari
1764 1298 2064 1376 possent3
2085 1300 2156 1353 et
2182 1288 2404 1356 omnia

281 1381 585 1470 deerant,
612 1407 758 1476 quae
785 1381 869 1450 ad
908 1381 1289 1452 reficiendas
1314 1406 1423 1451 eas
1463 1386 1609 1452 usui
1644 1400 1829 1472 sunt3
1852 1403 1953 1474 et,
1989 1392 2170 1485 quod
2192 1394 2402 1462 omni-

281 1489 407 1557 bus
435 1487 810 1575 constabat,
831 1474 1155 1557 hiemare⁴
1177 1489 1244 1555 in
1269 1487 1480 1558 Gallia
1500 1506 1843 1585 oportere,
1870 1442 2273 1565 friimentum
2304 1499 2404 1568 his

281 1595 350 1662 in
389 1593 600 1663 locis
583 1619 651 1662 m
681 1593 962 1663 hiemem
997 1594 1332 1688 provisum
1367 1620 1503 1663 non
1539 1611 1699 1664 erat.

387 1702 609 1769 XXX.
645 1699 904 1788 Quibus
945 1699 1141 1768 rebus
1185 1701 1496 1794 cognitis,
1527 1704 1854 1798 principes
1890 1705 2270 1793 Britanniae,
2293 1710 2407 1801 qui

183 1823 184 1826 ’
287 1820 442 1901 post
461 1805 756 1900 praelium
796 1805 1072 1876 factum¹
1105 1805 1189 1874 ad
1218 1831 1328 1894 ea,
1350 1833 1497 1901 quae
1516 1808 1800 1900 jusserat
1821 1809 2410 1899 Caesar²,facienda

378 2006 410 2060 3
420 2048 433 2059 .
453 2007 613 2058 Totius
623 2008 852 2059 exereitus
861 2007 1306 2077 perturbatiofacta

1391 2007 1539 2060 urbis
1569 2009 1762 2060 muenia
1791 2011 2018 2064 revisere
2055 2029 2291 2085 unquam
2321 2011 2415 2067 de-

289 2098 382 2138 est.
413 2086 491 2137 Ex
522 2086 603 2138 his
628 2100 677 2139 et
703 2087 1040 2157 sequentibus
1055 2124 1071 2151 ,
1095 2084 1306 2138 videtur

1387 2085 1605 2139 buisset.
1620 2088 1689 2138 Le
1701 2087 1908 2141 bonhem
1919 2091 2112 2141 attacke'
2120 2094 2152 2142 ὰ
2164 2112 2249 2143 son
2261 2094 2381 2143 char·
2387 2132 2405 2156 ,

289 2167 554 2219 Caesarem
583 2185 687 2218 non
717 2165 850 2218 adeo
890 2163 1207 2237 prudentem
1249 2165 1305 2216 in

287 2263 353 2298 ea
378 2241 707 2316 expeditione
732 2263 787 2298 se
817 2245 1045 2316 gessisse.
1067 2245 1305 2297 Primum

287 2337 602 2378 mercatores
629 2344 762 2396 quos
778 2325 1113 2377 consuluerat
1127 2322 1193 2376 de
1212 2342 1305 2376 na·

285 2418 405 2457 tura
433 2404 663 2475 regionis
677 2442 695 2469 ‚
725 2402 792 2456 de
843 2404 1133 2456 incolarum
1173 2404 1307 2455 mul-

283 2482 516 2536 titudine
531 2522 549 2547 ‚
574 2482 782 2549 indole,
805 2495 859 2535 et
897 2481 1058 2535 modo
1097 2483 1307 2554 bellige-

283 2562 440 2617 randi
469 2564 576 2617 inis
591 2563 839 2635 proprie,
855 2560 922 2615 de
941 2562 1122 2616 insule
1138 2562 1306 2614 forma

284 2662 344 2697 ac
365 2644 630 2716 portubus
660 2641 729 2696 ad
753 2641 1030 2714 capiendas
1056 2643 1306 2695 maximas

284 2741 444 2776 naves
468 2722 796 2795 aptioribus,
827 2741 950 2774 eum
975 2721 1165 2774 dooere
1196 2740 1306 2773 non

284 2803 576 2855 valuerant.
619 2803 936 2854 Mer-catores
975 2802 1117 2853 enim
1161 2819 1305 2853 oom-

285 2882 486 2935 mercio
525 2882 686 2934 unice
723 2870 891 2933 dediti
932 2881 1025 2932 has
1076 2898 1159 2932 res
1212 2897 1305 2950 pa·

284 2981 406 3015 rum
433 2973 641 3014 curant.
669 2958 871 3013 Deinde
899 2960 1199 3013 Volusenus
1223 2959 1305 3010 in-

284 3043 454 3095 sulam
479 3061 510 3094 e
543 3040 669 3093 navi
700 3052 904 3092 tantum
937 3050 1304 3110 prospexerat3

285 3134 570 3193 preterea,
584 3120 857 3173 Commius
869 3119 1088 3170 Atrebas
1110 3118 1308 3188 legatus

287 3201 721 3254 missusretentus
729 3211 875 3252 erata
885 3195 1165 3249 Britannis
1171 3196 1308 3249 Cum

286 3279 371 3333 his
395 3279 732 3333 documentis
754 3275 1042 3330 admodum
1067 3275 1309 3339 infirmis,

287 3359 639 3412 nihilominus
679 3360 883 3421 Caesar,
928 3355 1188 3428 propositi
1228 3354 1311 3406 sui

290 3440 677 3502 tenacissimus,
693 3437 959 3490 fortunam
978 3447 1144 3488 tentat
1156 3472 1174 3499 ‚
1188 3452 1312 3488 cum

291 3516 504 3570 duabus
522 3531 727 3572 tantum
754 3517 1146 3588 legionibus‚et
1169 3514 1317 3584 equi·

293 3610 413 3651 tatu
439 3615 535 3649 suo
569 3612 678 3651 orta
705 3608 1009 3667 tempestate
1037 3596 1230 3658 orbus;
1254 3612 1311 3645 re

287 3678 638 3730 &amentatis
654 3696 763 3729 non
780 3676 904 3729 satis
929 3676 1063 3727 bene
1077 3674 1314 3744 provisa,

288 3770 348 3810 et
366 3757 733 3827 compluribus
759 3768 1038 3808 ventorum
1062 3754 1116 3805 vi
1138 3752 1314 3804 fractis

285 3836 518 3890 navibus
532 3875 550 3901 ,
575 3849 665 3888 aut
700 3835 860 3888 maris
901 3833 1312 3904 impatientibus.

286 3913 378 3968 Ad
406 3916 555 3969 littus
583 3928 759 3968 tamen
785 3915 1038 3967 immensa
1063 3912 1315 3964 barbaro·-

285 4014 416 4048 rum
441 4008 766 4047 armatorum
796 3990 1136 4046 multitudine
1160 3992 1318 4043 refer-

287 4088 411 4128 tum
422 4076 641 4146 appellit
649 4113 668 4136 ‚
680 4086 733 4127 et
746 4075 917 4126 victor
929 4070 1119 4125 evadit.
1131 4071 1319 4122 Victor

285 4154 417 4207 ine!
456 4155 577 4226 qui,
617 4155 663 4207 si
696 4172 780 4206 res
821 4153 1064 4206 humanoe
1097 4149 1318 4202 consilio

281 4248 638 4305 gererentur,
676 4252 775 4289 nec
812 4232 997 4288 Gauio
1037 4248 1153 4285 oras
1171 4266 1190 4296 ‚
1221 4246 1321 4283 nee

406 4344 467 4410 I.

1390 2161 1491 2227 (dit
1499 2165 1708 2236 Turpin
1724 2165 1791 2218 de
1802 2165 2012 2232 Crisse)
2023 2188 2080 2219 ne
2089 2170 2410 2223 l'abandonne

1382 2247 1557 2315 ponat,-
1592 2248 1710 2296 mais
1752 2247 1852 2297 cela
1895 2248 2160 2318 ιιέηφέεήε
2186 2268 2283 2318 pas
2320 2270 2410 2321 que

1394 2323 1547 2376 Cesar
1569 2324 1691 2375 dans
1710 2337 1828 2376 cette
1853 2329 2068 2378 occasion
2092 2328 2221 2378 n'ait
2235 2348 2294 2380 eu
2318 2348 2409 2380 une

1389 2405 1609 2455 conduite
1626 2424 1721 2474 peu
1758 2404 1970 2474 reflekliie
2004 2417 2051 2457 et
2083 2412 2175 2457 tres
2190 2438 2213 2448 -
2230 2411 2407 2478 huprec-

1389 2482 1561 2536 dente:
1588 2484 1631 2534 le
1656 2488 1812 2535 succes
1838 2504 1896 2534 ne
1914 2488 2102 2536 saur-ait
2121 2486 2164 2536 le
2180 2485 2407 2555 jmtfier.

1473 2568 1524 2625 4.
1555 2563 1801 2617 Hierum.
1829 2564 1987 2617 Multi
2017 2562 2173 2619 codd.
2216 2566 2411 2620 rectius

1389 2643 1587 2694 habent
1598 2644 1836 2696 Hiemari.
1852 2643 2022 2696 Simili
2038 2642 2198 2697 modo
2213 2659 2411 2709 noster,

1389 2740 1436 2774 c.
1468 2721 1559 2773 31.
1589 2726 1824 2791 navigari.
1855 2723 2113 2776 Nonnulli
2143 2725 2405 2787 hibernati,

1390 2799 1535 2871 quod
1558 2802 1748 2871 probat
1767 2800 2113 2874 Oudendorp.
2142 2805 2268 2875 Reg.
2289 2804 2410 2857 eod.

1395 2880 1545 2948 5763
1566 2917 1583 2941 ,
1609 2880 1847 2940 ht'emare;
1884 2881 2015 2934 alter
2056 2900 2184 2933 vero
2228 2886 2411 2953 5764,

1391 2958 1607 3011 hiemari.

1454 3037 1585 3089 Cn».
1596 3037 1770 3089 XXX.
1790 3055 1834 3089 1.
1851 3038 2409 3106 Postpraeliumfactum.

1391 3116 1473 3168 Ita
1497 3113 1652 3168 codd.
1684 3128 1817 3187 optt.
1843 3129 1895 3168 et
1920 3114 2042 3169 edd.
2068 3118 2130 3169 R.
2158 3117 2412 3188 Stephani

1393 3208 1447 3248 et
1472 3194 1722 3266 Gryphii.
1741 3196 1982 3267 Optime,
1998 3213 2118 3248 nam
2144 3196 2367 3248 multis*
2352 3216 2411 3249 m

1392 3275 1552 3337 locis,
1577 3273 1720 3327 idem
1746 3276 1918 3328 Caesar
1940 3275 2013 3327 ait
2026 3286 2176 3345 ,post
2191 3261 2411 3344 pralium

1384 3356 1605 3421 sactum,
1634 3367 1689 3407 et
1708 3356 1879 3423 proelc'o
1893 3356 2049 3421 sacto.
2077 3355 2183 3406 Alii
2213 3366 2268 3407 et
2294 3356 2414 3407 vul·

1395 3445 1496 3504 gat.
1523 3434 1832 3504 simpliciter
1850 3446 1964 3504 post
1975 3434 2230 3503 pra-lium·
2208 3473 2223 3495 ,
2254 3451 2417 3504 quam

1394 3512 1675 3566 lectionem
1704 3512 1913 3564 exhibet
1938 3511 2057 3565 cod.
2087 3514 2151 3565 R.
2179 3514 2348 3582 5763.

1482 3612 1530 3644 2.
1567 3592 1660 3645 Ad
1679 3612 1737 3642 ea
1762 3611 1869 3663 quoe
1885 3594 2099 3661 jusserat
2138 3590 2306 3643 Coesar
2323 3594 2414 3659 sa-

1399 3671 1567 3723 cienda
1592 3681 1914 3723 convenerant.
1947 3672 2025 3722 Ita
2062 3672 2297 3740 primum
2329 3690 2413 3723 re-

1398 3751 1577 3821 posuit
1604 3748 1765 3802 Aldus
1778 3747 2417 3821 Manut.Codd.ple1-ique

1401 3843 1455 3883 et
1480 3828 1602 3882 edd.
1636 3829 1705 3879 ad
1729 3827 1967 3880 Coesarem
1997 3841 2323 3883 convenerant.
2346 3833 2418 3899 At

1402 3910 1589 3982 primae
1613 3908 1829 3959 lectioni
1847 3905 2235 3978 adstipulantur
2260 3927 2413 3979 grac.

1403 3990 1623 4058 interpr.
1654 4000 1708 4038 et
1729 3985 1972 4038 nonnulli
2003 3985 2157 4039 codd.
2195 3990 2417 4058 optimi,

1404 4065 1568 4121 iidem
1577 4104 1594 4131 ,
1608 4078 1667 4119 ut
1679 4066 1921 4121 observat
1933 4063 2281 4138 Oudendorp.
2293 4106 2310 4131 ‚
2323 4072 2420 4140 qui

1405 4167 1562 4219 supra
1590 4146 1800 4217 legunt,
1824 4158 1939 4215 post
1967 4148 2188 4216 pralium
2210 4149 2415 4214 factum.

1407 4228 1639 4285 Alteram
1680 4227 1894 4285 exhibet
1930 4226 2212 4281 lectionem
2254 4227 2423 4282 codex

1972 4358 2046 4402 11
