3111 5147
514 553 659 622 DE
711 552 1078 621 BELLO
1131 552 1656 622 GALLICO.
1714 556 1910 624 LIB.
1967 559 2019 624 I.
2238 558 2334 644 45

211 681 355 753 belli
374 737 394 771 ,
425 699 507 753 ut
526 737 546 771 ,
583 685 695 778 qui
755 684 1063 751 vicissent
1082 737 1101 771 ,
1136 684 1212 752 iis
1232 736 1252 772 ‚
1294 708 1459 777 quos
1518 686 1825 754 vicissent
1851 740 1871 774 ‚
1912 689 2333 781 quemadmo-

209 790 362 859 dum
384 789 671 876 vellent‚
689 790 1128 883 imperarent:
1169 791 1326 858 item
1347 788 1365 813 ¹
1396 790 1717 885 populum
1762 816 2109 862 romanum
2145 798 2334 866 victis

210 921 338 965 non
389 896 483 965 ad
544 895 810 964 alterius
860 896 1314 991 praescriptum
1335 949 1355 983 ,
1385 897 1501 966 sed
1562 897 1645 965 ad
1705 923 1897 966 suum
1953 898 2334 990 arbitrium,

210 1003 534 1097 imperare
576 1014 943 1071 consuesse.
985 1004 1054 1070 Si
1095 1005 1233 1096 ipse
1264 1002 1513 1098 populo
1551 1021 1829 1072 romano
1865 1030 2000 1073 non
2038 1009 2340 1101 praescri-

214 1107 383 1178 beret
399 1163 422 1198 ,
454 1107 1014 1203 quemadmodum
1073 1133 1194 1177 suo
1247 1109 1396 1201 jure
1457 1124 1798 1198 uteretur3
1840 1134 1976 1180 non
2027 1128 2333 1207 oportere

220 1239 345 1284 sese
382 1240 424 1284 a
464 1213 724 1310 Populo
760 1216 1066 1283 Romano
1108 1216 1176 1282 in
1218 1239 1338 1283 suo
1373 1216 1522 1308 jure
1558 1215 1876 1310 impediri.
1902 1217 2148 1287 AEduos
2178 1219 2332 1307 sibi,

220 1324 517 1415 quoniam
549 1320 701 1390 beni
744 1320 1080 1389 fortunam
1103 1335 1499 1410 tentassent,
1541 1337 1608 1390 et
1637 1325 1836 1391 armis
1879 1326 2209 1418 congressi
2253 1348 2331 1394 ae

223 1430 495 1522 superati
536 1440 793 1513 essent,
825 1427 1279 1521 stipendiarios
1307 1452 1447 1496 esse
1490 1427 1717 1496 factos.
1751 1431 2064 1522 Magnam
2113 1433 2329 1500 Caesa·

224 1557 349 1601 nem
389 1534 697 1628 injuriam
740 1533 958 1601 facere
982 1587 1001 1620 ,
1031 1535 1144 1627 qui
1178 1557 1299 1602 suo
1337 1533 1628 1601 adventu
1669 1534 2010 1628 vectigalia
2051 1536 2173 1604 sibi
2216 1537 2329 1606 de·

224 1642 449 1708 teriora
494 1636 800 1709 faeeret².
841 1639 1069 1707 AEduis
1110 1663 1179 1708 se
1222 1639 1479 1707 obsides
1521 1638 1929 1707 redditurum
1972 1666 2107 1709 non
2148 1667 2328 1731 esse,

222 1769 423 1863 neque
464 1748 541 1815 iis
560 1801 580 1833 ,
606 1770 819 1840 neque
869 1770 1100 1814 eorum
1149 1746 1341 1813 sociis
1384 1745 1622 1837 injuria
1668 1743 1912 1813 bellum
1956 1745 2328 1838 illaturum,

225 1853 291 1917 si
314 1854 381 1918 in
412 1876 492 1919 eo
524 1866 896 1939 manerent,
924 1850 1103 1971 quod
1137 1852 1584 1938 convenisset,
1620 1851 2143 1946 stipendiumque
2175 1879 2329 1947 quo·

223 1960 438 2026 tannis
476 1957 865 2051 penderent:
894 1959 947 2026 si
980 1957 1047 2025 id
1090 1982 1227 2026 non
1268 1956 1608 2043 fecissent,
1638 1956 1876 2052 longe
1859 1960 1934 2027 iis
1966 1959 2330 2028 fraternum

222 2086 458 2131 nomen
493 2063 713 2159 populi
755 2065 1011 2133 romani
1036 2049 1495 2132 ³.abfuturum
1543 2064 1746 2153 Quod
1788 2065 1909 2132 sibi
1952 2067 2175 2134 Caesar
2215 2066 2326 2135 de-

222 2172 572 2258 nuntiaret,
602 2196 670 2240 se
698 2170 1122 2240 AEduorum
1105 2170 1374 2263 injurias
1417 2195 1552 2237 non
1597 2169 2088 2264 neglecturum3
2122 2175 2325 2241 nemi-

220 2298 363 2343 nem
402 2302 621 2347 secum
665 2279 804 2346 sine
846 2301 963 2345 sua
1005 2278 1293 2372 pernicie
1334 2275 1762 2345 contendisse.
1811 2277 2037 2364 Quum
2091 2276 2325 2366 vellet,

218 2384 753 2477 congrederetur3
781 2381 1297 2468 intellecturum,
1328 2381 1484 2476 quid
1515 2383 1739 2450 invicti
1765 2384 2120 2469 Germani,
2150 2408 2325 2451 exer-

216 2491 559 2559 citatissimi
604 2492 673 2558 in
725 2491 922 2559 armis
940 2476 988 2578 ⁴,
1021 2490 1132 2584 qui
1174 2491 1343 2557 inter
1402 2512 1610 2556 annos
1629 2473 1852 2557 ⁵XIV
1888 2502 2134 2557 tectum
2189 2515 2323 2558 non

217 2596 567 2684 subissent,
594 2598 840 2665 virtute
882 2610 1167 2692 possent.
1207 2624 1242 2660 n

306 2706 662 2773 XXXVII.
709 2706 868 2771 Haec
911 2702 1143 2772 eodem
1186 2716 1483 2797 tempore
1526 2703 1770 2771 Caesari
1814 2703 2123 2772 mandata
2159 2703 2322 2773 refe-

214 2809 513 2879 rebantur
532 2863 552 2897 ,
600 2824 669 2878 et
721 2806 915 2903 legati
974 2810 1059 2877 ab
1110 2807 1337 2876 AEduis
1391 2822 1458 2877 et
1509 2831 1547 2874 a
1589 2810 1873 2877 Treviris
1926 2810 2320 2879 veniebant:

212 2915 389 2985 AEdui
450 2928 760 3011 questum
784 2968 804 3002 ,
846 2915 1026 3009 quod
1084 2914 1386 2984 Harudes
1410 2967 1430 3001 ,
1479 2915 1594 3006 qui
1655 2939 1867 3008 nuper
1921 2916 1988 2981 in
2042 2914 2323 2984 Galliam

281 3108 405 3161 Cu.
424 3108 689 3161 xxxvl.
713 3126 760 3160 1.
783 3107 919 3160 Item.
936 3106 1018 3158 Al.
1042 3104 1217 3157 itidem.

215 3185 370 3241 Codd.
394 3189 567 3241 notu-i
594 3186 719 3239 ἰάσι
741 3187 876 3239 male
903 3185 1139 3238 omnino.

265 3287 309 3320 a.
322 3269 379 3318 V
370 3267 837 3338 ecngaltadetenom
838 3268 1039 3334 sacer-et
1043 3266 1221 3330 Quum

217 3346 473 3400 obsidibus
495 3348 563 3399 ab
583 3344 772 3399 AEduis
792 3346 1055 3399 Ariovisto
1085 3344 1221 3398 datis

215 3440 411 3480 cautum
441 3438 578 3480 estet
611 3426 978 3497 vectigalibus,
1007 3443 1123 3496 quae
1154 3425 1220 3477 ab

216 3524 327 3576 φω
366 3507 692 3578 accipiebatg
735 3504 957 3558 redditis
1001 3504 1218 3568 iisdem,

214 3586 417 3640 Castris
430 3605 601 3648 cansa,
626 3584 923 3650 obsidibus,
944 3585 1220 3638 tollebatur

212 3668 373 3720 mutio
385 3679 575 3739 ,atque
597 3664 731 3719 adeo
751 3623 1012 3718 deteriora
1024 3665 1221 3718 fiebant

214 3747 487 3819 vectigalia.
516 3746 661 3799 Gon.

283 3826 334 3880 3.
349 3829 552 3897 Longe
531 3847 590 3878 us
608 3829 880 3894 fraternum
895 3844 1060 3877 nomen
1073 3824 1136 3876 P.
1153 3823 1216 3876 R.

212 3903 276 3957 lis
298 3907 520 3959 minime
540 3907 908 3977 profuturum3
927 3923 1036 3956 non
1058 3905 1221 3974 impe-

213 3981 469 4050 diturum,
499 4004 607 4056 quo
636 3985 814 4037 minus
846 4002 1026 4055 poenas
1053 3984 1218 4035 luant.

210 4062 507 4119 locutionis
520 4065 655 4118 ratio
679 4077 776 4128 est,
788 4065 934 4134 qnia,
959 4080 1075 4133 quae
1096 4079 1221 4133 pro-

209 4145 287 4197 ml
316 4148 529 4208 abunt,
565 4163 634 4197 ne
684 4144 967 4197 minimum
1007 4139 1224 4212 quidem

208 4225 452 4278 auxilinm
460 4225 663 4297 possint
674 4221 1227 4277 subministra-&Vul-

208 4316 322 4369 gata
357 4305 511 4360 lectio
548 4306 691 4374 longe
721 4304 783 4357 ab
812 4304 885 4356 lu’s
894 4341 915 4370 ,
949 4321 1059 4358 uon
1090 4301 1224 4355 male

1307 3122 1546 3176 quoque3
1570 3102 1662 3155 sed
1681 3104 2012 3175 proestantior
2031 3116 2237 3168 nosti-⁸3
2262 3124 2323 3157 ea

1307 3185 1449 3237 enim
1463 3196 1666 3236 veteres
1687 3183 1767 3235 usi
1780 3194 1918 3237 sunt.
1932 3182 2143 3238 AEneid.
2162 3184 2197 3237 l.
2213 3202 2293 3237 :ur
2303 3223 2320 3249 ‚

1306 3283 1357 3317 v.
1397 3265 1463 3317 52
1484 3281 1497 3315 τ

1460 3353 1618 3412 Longe
1635 3351 1704 3396 illi
1721 3350 1806 3396 dea
1824 3359 1970 3396 mter
1987 3351 2088 3397 erit.

1306 3451 1361 3493 et
1389 3439 1516 3494 Stat.
1544 3441 1715 3493 Theb.
1748 3440 1783 3492 l.
1811 3458 1910 3506 111,
1937 3459 1988 3494 v.
2025 3444 2174 3494 666:

1368 3561 1638 3574 ..........
1658 3528 1822 3600 procul
1841 3527 1938 3572 haec
1957 3526 2043 3571 tibi
2028 3543 2139 3572 ιοιιι
2111 3527 2216 3572 ollis

1365 3589 1541 3642 Insula,
1575 3590 1858 3649 temficique
1885 3589 2035 3634 aberit
2061 3588 2119 3633 de
2121 3588 2289 3634 mentia

1457 3651 1634 3697 Phoebi.
1909 3652 2035 3697 DAv.
2059 3660 2107 3695 et
2128 3653 2252 3697 Gon.

1387 3749 1438 3806 4.
1482 3743 1887 3794 Exci-citatissimi
1901 3745 1950 3791 in
1973 3745 2131 3792 armis.
2151 3740 2317 3793 Tacit.

1305 3819 1372 3873 de
1392 3841 1524 3875 mor.
1544 3822 1726 3874 Germ.
1745 3839 1766 3872 1
1780 3828 1831 3883 4.
1845 3819 1948 3871 Nec
1968 3839 2106 3871 arare
2128 3832 2314 3881 terram,

1305 3914 1394 3952 aut
1421 3912 1686 3971 exspectan
1716 3918 1889 3950 annum
1919 3910 2013 3949 tam
2034 3900 2184 3965 facile
2203 3919 2319 3970 per-

1303 3985 1526 4042 suaseris,
1564 3998 1703 4048 quam
1733 3997 1906 4029 vocare
1935 3978 2087 4030 hostes
2123 3991 2174 4029 et
2206 3981 2317 4030 vul·

1307 4080 1421 4112 nera
1450 4063 1630 4111 mereri.

1391 4141 1441 4193 5.
1484 4140 1620 4192 Inter·
1649 4156 1796 4189 annos
1828 4155 1935 4189 xxv.
1972 4137 2075 4192 Seu
2106 4157 2203 4211 per
2233 4158 2314 4193 an.

1308 4239 1413 4273 nv.
1452 4219 1674 4289 Elegans
1709 4218 1921 4271 locutio.
1954 4220 2096 4280 Eux,
2126 4224 2210 4290 qui
2233 4220 2317 4270 de-

1300 4304 1412 4372 puis
1449 4319 1473 4354 1
1486 4307 1537 4366 4.
1568 4318 1670 4353 ans.
