3111 5147
517 564 656 631 DE
709 566 1056 635 BELLo
1112 520 1604 642 cituco.
1660 577 1855 648 ΜΒ.
1911 584 2086 652 vn.
2244 587 2392 664 385

247 717 492 788 aggere
534 694 800 790 explent
822 750 842 784 ‚
868 723 1070 793 ,seque
1114 701 1198 770 ad
1241 708 1658 799 eruptionem
1695 724 1893 804 atque
1934 740 2164 787 omnes
2200 746 2390 792 casus

248 816 663 894 comparant.
695 831 700 835 ·

358 909 638 975 LXXX.
695 911 920 979 Caesar
949 964 970 998 ‚
1018 917 1200 982 omni
1247 921 1539 987 exercitu
1595 921 1681 989 ad
1733 937 2083 1021 utramque
2132 950 2392 1025 partem

243 1015 695 1082 munitionum
735 1015 1054 1111 disposito
1077 1073 1099 1106 ,
1136 1035 1242 1109 ut,
1290 1025 1345 1092 si
1382 1049 1539 1094 usus
1583 1030 1805 1098 veniat
1822 1083 1843 1117 ‚
1877 1057 2071 1103 suum
2113 1041 2387 1135 quisque

245 1119 473 1190 locum
511 1134 734 1190 teneat
782 1137 850 1191 et
891 1127 1153 1195 noverit
1173 1180 1193 1214 ,
1237 1131 1602 1223 equitatum
1644 1158 1728 1202 ex
1771 1142 2001 1209 castris
2047 1143 2275 1235 educi,
2318 1165 2387 1218 et

245 1224 550 1321 praelium
612 1231 933 1298 committi
966 1232 1174 1324 jubet.
1228 1237 1393 1304 Erat
1442 1262 1524 1306 ex
1575 1242 1883 1313 omnibus
1927 1252 2157 1319 castris
2181 1305 2201 1340 ,
2241 1279 2387 1348 quae

245 1358 584 1402 summum
617 1335 908 1429 undique
933 1339 1166 1433 jugum
1207 1342 1558 1432 tenebant,
1594 1347 1942 1441 despectus
1970 1380 1991 1440 ;
2025 1370 2220 1450 atque
2243 1384 2386 1429 om-

245 1441 436 1508 nium
472 1439 754 1509 militum
797 1444 1028 1513 intenti
1073 1447 1308 1516 animi¹
1356 1474 1596 1544 pugnae
1639 1459 2071 1547 proventum²
2116 1488 2384 1560 exspec-

245 1546 499 1614 tabant.
538 1546 714 1617 Galli
756 1550 928 1618 inter
955 1554 1205 1645 equites
1245 1580 1429 1624 raros
1471 1559 1844 1651 sagittarios
1862 1548 1885 1587 ³
1916 1568 2385 1666 expeditosque

245 1651 411 1722 levis
452 1669 801 1723 armaturae
839 1658 1303 1750 interjecerant
1323 1715 1343 1750 ,
1388 1666 1500 1756 qui
1543 1667 1676 1734 suis
1718 1667 2100 1742 cedentibus
2143 1678 2384 1749 auxilio

246 1776 751 1847 succurrerent,
785 1777 852 1830 et
889 1778 1267 1834 nostrorum
1310 1772 1608 1861 equitum
1645 1774 1929 1867 impetus
1967 1782 2379 1855 sustinerent.

244 1866 356 1936 Ab
398 1866 501 1935 his
543 1866 920 1962 complures
963 1869 1044 1939 de
1087 1873 1447 1968 improviso
1489 1875 1815 1948 vulnerati
1849 1934 1868 1968 ,
1912 1883 2137 1976 praelio
2193 1912 2380 1960 exce-

246 1971 512 2042 debant.
560 1975 789 2062 Quum
819 2001 971 2045 suos
998 2001 1238 2072 pugnae
1276 1985 1643 2075 superiores
1662 1971 1687 2014 ⁴
1716 2011 1858 2055 esse
1887 1988 2061 2058 Galli
2094 1996 2383 2067 confide·

245 2093 437 2165 rent,
474 2093 543 2148 et
576 2094 837 2152 nostros
872 2086 1083 2176 premi
1119 2084 1533 2156 multitudine
1576 2089 1874 2161 viderent
1905 2121 1923 2177 ;
1960 2120 2041 2163 ex
2078 2103 2383 2174 omnibus

247 2187 551 2279 partibus
586 2201 654 2255 et
686 2188 729 2255 ii
751 2240 771 2274 ,
808 2190 921 2281 qui
956 2192 1427 2262 munitionibus
1470 2198 2014 2289 continebantur,
2044 2219 2111 2274 et
2152 2207 2235 2295 ii,
2270 2212 2385 2302 qui

248 2292 339 2361 ad
372 2291 683 2362 auxilium
720 2312 1201 2385 convenerant,
1233 2298 1520 2370 clamore
1545 2316 1615 2370 et
1645 2301 1899 2373 ululatu
1939 2332 2208 2380 suorum
2242 2318 2380 2384 ani-

247 2497 318 2549 iis
337 2499 430 2570 qui
451 2497 641 2551 fossam
666 2497 902 2569 priorem
929 2517 995 2551 xx
1023 2497 1144 2570 ped.
1178 2499 1270 2554 lat.
1360 2502 1548 2557 sisoi-te
1563 2504 1809 2578 ineliquo
1822 2508 2071 2564 conflictu
2095 2515 2162 2565 ab
2177 2517 2382 2587 equita-

248 2575 320 2629 ad
354 2576 658 2631 distantiam
697 2576 766 2631 cn
809 2598 943 2650 pass.
981 2594 1268 2634 removent.
1360 2595 1420 2634 tu
1463 2604 1561 2636 suo
1595 2583 1887 2653 deseritur,
1923 2605 2157 2660 oportet,
2198 2609 2258 2648 ut
2311 2599 2381 2651 sit

247 2658 322 2709 At
351 2656 472 2710 vide
495 2676 542 2711 c.
574 2664 645 2727 74
665 2696 681 2723 ‚
713 2670 825 2712 not.
861 2662 914 2712 6.
1356 2663 1625 2718 confertus
1644 2684 1742 2737 per
1762 2667 2045 2740 phalanges
2067 2667 2189 2741 (par
2203 2675 2379 2729 baenil-

332 2738 461 2791 Cu».
481 2736 704 2790 Lxxx.
739 2757 789 2791 1.
814 2738 1039 2791 Omnium
1071 2741 1272 2792 muitum
1359 2742 1464 2794 lom·
1489 2744 1710 2810 can-ets),
1742 2746 2027 2802 intes-vallis
2073 2749 2377 2823 distinctas,

247 2821 420 2870 abutenti
439 2821 604 2871 aneni.
626 2818 928 2889 Elegantius
954 2837 1078 2871 sane
1107 2838 1270 2872 mem-

244 2897 429 2950 brana
447 2897 1070 2969 vetustior-efflinterquas
1092 2913 1272 2952 noster

245 2975 369 3029 eod.
389 2996 497 3048 reg.
518 2978 914 3047 5763‚habent,
930 2998 1086 3030 omnes
1105 2980 1272 3032 milites

245 3062 435 3110 intanti.

334 3157 385 3189 2.
407 3138 714 3190 promtum.
735 3139 895 3191 Recte
913 3155 977 3190 ex
999 3135 1157 3191 codd.
1179 3157 1273 3210 op·

248 3216 394 3269 timis
420 3216 705 3270 Oberlinus
728 3217 959 3269 restituit
972 3230 1264 3285 proventum,

244 3308 302 3349 et
327 3297 455 3350 huie
481 3295 870 3369 adstipulantur
895 3294 1052 3349 codd.
1083 3299 1267 3351 nostri.

246 3376 356 3429 Alii
408 3376 605 3429 hebent
654 3389 864 3429 emtum
885 3416 900 3437 ,
948 3374 1093 3447 quod
1138 3378 1271 3448 glos-

245 3474 360 3508 sam
386 3455 626 3509 redolere
655 3458 954 3509 existimant
982 3456 1169 3510 critici.
1185 3457 1270 3509 Sic

246 3554 437 3607 supra,
456 3535 491 3588 l.
519 3554 634 3602 vu,
660 3556 707 3591 c.
739 3556 843 3604 29,
873 3536 1099 3589 secundos
1116 3557 1270 3588 rerum

233 3627 497 3688 proventus
517 3628 795 3687 exspectent.

333 3697 388 3749 3.
404 3697 560 3748 Raros
582 3700 878 3765 sagittarius.
909 3697 977 3747 Et
1001 3696 1138 3755 hanc
1168 3694 1271 3748 dis-

247 3776 568 3846 positionem
581 3777 699 3846 jure
711 3794 772 3828 ae
786 3775 977 3827 merito
988 3776 1272 3846 reprehen-

246 3853 332 3907 dit
358 3856 542 3924 Tutpin
570 3855 631 3906 de
659 3856 844 3916 Crim‘.
881 3867 920 3908 t.
949 3872 1021 3920 11,
1052 3874 1105 3925 p.
1138 3856 1267 3920 145,

247 3953 409 4006 quam
440 3934 572 3987 dicit
602 3937 740 3987 male
768 3953 975 4005 semper
1004 3953 1267 3987 cessuram

246 4014 504 4067 exercitui
529 4015 775 4079 cuilibet,
802 4015 887 4066 vel
911 4012 1266 4085 apudomnes

244 4094 492 4166 populos,
502 4092 873 4166 quodcumque
896 4094 963 4147 sit
992 4112 1153 4164 genus
1181 4112 1264 4145 ar-

245 4192 478 4227 morum.
505 4175 584 4226 Ut
600 4175 743 4227 enim
767 4174 1020 4244 equitatui
1051 4190 1264 4229 succur-

241 4271 364 4306 rere
387 4254 556 4324 pouit
578 4252 871 4324 peditatus,
891 4266 944 4307 et
965 4252 1076 4323 ipse
1100 4250 1269 4317 seed·

241 4350 428 4386 νει-ιω
468 4332 685 4387 hostiles
713 4344 910 4386 turmas
948 4329 1265 4399 defendere,

352 4417 413 4484 I.

1358 2834 1412 2874 et
1434 2825 1559 2877 satis
1573 2823 1857 2905 distantes,
1875 2840 1936 2880 ut
1952 2831 2216 2901 equitatus
2242 2836 2379 2891 libe.

1356 2902 1470 2954 rior
1505 2904 1605 2973 sit3
1646 2916 1699 2957 at
1739 2906 1863 2958 satis
1896 2910 2247 2982 propinquas,
2280 2930 2340 2969 ut
2358 2955 2377 2984 ,

1357 2981 1498 3034 victo
1528 2983 1850 3051 equitatuet
1886 3006 1941 3037 se
1972 3007 2111 3057 pone
2141 2994 2378 3065 recipere

1357 3072 1570 3126 coacto,
1597 3064 1847 3133 conjungi
1873 3065 2024 3117 facile
2061 3080 2215 3139 atque
2247 3091 2375 3127 cou-

1356 3139 1533 3191 fertim
1544 3152 1681 3194 stare
1694 3155 1851 3211 queat
1862 3140 2111 3198 adversus
2122 3149 2377 3207 victorem

1355 3218 1588 3271 hostium
1637 3221 1959 3291 equitatum;
1994 3226 2168 3292 aliter,
2208 3232 2374 3300 pulsis

1355 3299 1622 3369 equitibus
1638 3337 1656 3366 ‚
1693 3301 1871 3354 miseri
1910 3303 2111 3372 pedites
2152 3308 2275 3363 hinc
2321 3325 2376 3365 et

1355 3377 1481 3431 iude
1511 3380 1648 3445 rari,
1692 3381 1841 3432 facile
1878 3382 2241 3454 trucidantur,
2283 3403 2375 3444 aut

1356 3476 1617 3528 equorum
1682 3458 1905 3531 pedibus
1978 3466 2370 3534 proculcantur.

1356 3536 1516 3602 Quod
1544 3539 1715 3610 reipsa
1739 3540 1841 3592 hoc
1864 3541 1983 3594 loco
2006 3546 2197 3599 evenit.
2224 3544 2371 3610 (Au-

1344 3618 1606 3686 jounl'lue'i
1644 3627 1788 3672 meme
1825 3639 1891 3671 tm
1921 3621 2154 3675 batalllon
2204 3633 2365 3691 οων-ἐ,

1357 3698 1406 3747 la
1435 3698 1701 3750 baionnette
1719 3718 1777 3750 en
1794 3711 1937 3752 avant
1950 3739 1964 3763 ,
1993 3721 2051 3753 ne
2067 3708 2223 3755 emim
2228 3712 2373 3775 point

1356 3795 1422 3827 un
1441 3777 1670 3829 escadron
1687 3777 1748 3829 de
1765 3780 2016 3842 cavata-ie,
2051 3787 2170 3833 mais
2187 3784 2369 3856 despe-

1355 3856 1508 3907 lotons
1519 3868 1629 3908 sont
1641 3858 1819 3909 biento‘t
1828 3858 2054 3928 (ἰάψει-τοίς
2066 3874 2115 3913 ee
2130 3862 2371 3928 datr-mn.)

1434 3941 1488 3997 4.
1510 3936 1701 4005 Pugna·
1719 3942 1993 4006 superiores.
2014 3941 2157 3993 Bene
2166 3961 2365 4012 pugnas,

1353 4033 1414 4065 ex
1446 4012 1646 4067 Audin.
1679 4028 1731 4067 et
1774 4015 1922 4068 Leid.
1957 4030 2008 4069 et
2034 4033 2216 4073 nostro
2247 4023 2365 4077 cod.

1353 4112 1460 4164 reg.
1501 4094 1670 4163 5764.
1697 4094 1833 4146 Nam
1871 4108 2012 4149 recte
2037 4097 2234 4152 dicitur
2259 4123 2369 4155 acer

1352 4176 1525 4232 animi,
1544 4177 1695 4225 animi
1724 4177 1899 4239 victus,
1912 4175 2175 4248 disciplinoe
2192 4182 2366 4236 clam-5.

1353 4252 1459 4309 Alii
1479 4252 1676 4306 habent
1688 4272 1860 4325 pugna
1885 4261 2158 4326 superiores.
2191 4261 2370 4317 Minus

1354 4332 1630 4403 eleganter.

1916 4413 2009 4487 25
