3111 5147
1134 426 1165 447 δ

784 587 883 684 76
1071 582 1146 659 c.
1202 572 2006 657 JU'LII'CAESARIS
2060 588 2610 659 COMMENT.

781 723 997 790 minus
1039 723 1147 809 11,
1191 735 1407 791 castra
1447 716 1812 817 posuerunt
1844 745 1859 788 :
1889 745 2033 815 quae
2074 734 2323 809 castra,
2358 736 2436 790 ut
2476 720 2663 790 fumo
2706 733 2897 814 atque

776 827 1039 921 ignibus
1081 827 1606 922 significabatur,
1636 824 1913 923 amplius
1955 825 2239 897 millibus
2280 852 2594 922 passuum
2623 829 2792 897 VIII
2833 827 2898 895 in

777 929 1186 1003 latitudinem
1227 934 1561 1030 patebant.

884 1043 1106 1110 VIII.
1160 1042 1385 1110 Caesa1
1438 1037 1701 1160 primo¹
1719 1092 1739 1127 ‚
1785 1055 1852 1108 et
1903 1055 2175 1159 propter
2217 1038 2700 1109 multitudinem
2745 1037 2896 1108 hos-

780 1146 991 1234 tium,
1038 1161 1106 1214 et
1170 1161 1444 1243 propter
1507 1147 1806 1216 eximiam
1865 1148 2240 1241 opinionem
2307 1148 2565 1215 virtutis
2581 1199 2600 1236 ,
2671 1143 2897 1241 praelio

780 1252 1204 1346 supersedere
1264 1255 1539 1342 statuit;
1598 1252 1883 1349 quotidie
1960 1268 2178 1323 tamen
2250 1252 2658 1347 equestribus
2733 1276 2894 1345 prae·

776 1354 922 1426 liis²
927 1358 1135 1452 ‚quid
1170 1359 1375 1429 hostis
1417 1362 1659 1429 virtute
1697 1372 1951 1489 posset,
1985 1375 2051 1430 et
2093 1359 2248 1454 quid
2288 1361 2498 1428 nostri
2537 1358 2857 1428 auderent
2876 1411 2896 1446 ,

779 1461 1337 1535 sollicitationibus
1411 1451 1971 1561 periclitabatur³.
2024 1466 2162 1535 Ubi
2231 1480 2490 1535 nostros
2557 1490 2694 1534 non
2757 1488 2894 1534 esse

774 1569 1114 1640 inferiores
1167 1570 1518 1662 intellexit,
1553 1570 1701 1642 loco
1755 1598 1878 1667 pro
1917 1574 2144 1642 castris
2186 1572 2271 1641 ad
2321 1575 2528 1642 aciem
2569 1573 2893 1640 instruen-

775 1674 929 1744 dam
971 1693 1207 1747 natura
1243 1694 1623 1773 opportuno
1664 1693 1859 1773 atque
1899 1678 2172 1749 idoneo·
2155 1732 2175 1767 ‚
2195 1671 2459 1773 (quod
2442 1704 2494 1747 1s
2537 1674 2760 1766 οοΙΙί5,
2783 1677 2894 1745 ubi

773 1796 989 1851 castra
1030 1787 1244 1913 posita
1285 1798 1474 1853 erant
1492 1782 1882 1879 ‚paululum
1918 1810 2000 1853 ex
2041 1783 2305 1879 planitie
2340 1771 2588 1853 editus⁴
2591 1797 2890 1871 ‚tantum

774 1876 1137 1958 adversus⁵
1188 1892 1254 1958 in
1319 1889 1727 1959 latitudinem
1794 1891 2107 1985 patebat,
2147 1904 2462 1985 quantum
2531 1888 2658 1959 loci
2723 1891 2889 1960 acies

772 1993 1090 2063 instructa
1129 2019 1456 2089 occupare
1497 2011 1796 2090 poterat,
1821 2012 2014 2092 atque
2045 2022 2128 2065 ex
2155 2012 2431 2091 utraque
2460 2010 2648 2090 parte
2676 1993 2891 2066 lateris

771 2086 1104 2191 dejectus⁶
1127 2100 1445 2189 habebat,
1467 2117 1535 2171 et
1568 2102 1852 2172 frontem
1896 2102 2126 2172 leniter
2166 2102 2540 2197 fastigatus⁷
2574 2100 2890 2196 paulatim

772 2202 856 2271 ad
894 2203 1228 2299 planitiem
1272 2202 1570 2299 redibat)
1605 2210 1689 2278 ab
1724 2224 2003 2305 utroque
2045 2208 2246 2279 latere
2287 2209 2427 2302 ejus
2469 2206 2650 2279 collis
2690 2222 2891 2276 trans·

772 2334 1031 2381 versam
1076 2313 1319 2384 fossam
1362 2314 1639 2384 obduxit
1677 2318 1932 2387 circiter
1981 2340 2293 2411 passuum
2336 2317 2502 2403 CD,
2482 2340 2499 2356 ·
2544 2329 2612 2384 et
2653 2312 2740 2383 ad
2781 2338 2886 2383 ex-

774 2491 807 2549 4
827 2523 845 2553 ,
876 2494 943 2551 34
965 2526 982 2554 ,
1007 2501 1105 2542 etc.
1147 2504 1200 2543 et
1223 2491 1362 2544 alibi.
1392 2490 1788 2563 Nonnunquam

771 2577 945 2620 tamen
973 2570 1275 2641 praepositio
1303 2567 1530 2624 additur.
1558 2570 1634 2625 Id.

851 2647 979 2700 Cu».
1013 2650 1166 2703 VIII.
1213 2670 1261 2704 1.
1297 2650 1466 2704 Coesar
1485 2655 1671 2722 primo,
1697 2662 1785 2704 etc.

771 2724 888 2778 Hoc
904 2745 1110 2798 semper
1129 2747 1158 2780 ι
1180 2730 1381 2783 Caesare
1396 2731 1668 2824 provisum
1688 2730 1789 2784 fuit

772 2817 834 2857 ut
858 2824 1009 2876 pares
1049 2808 1281 2862 hostium
1327 2809 1577 2863 exercitui
1613 2811 1788 2881 copias

771 2881 1017 2951 haberet,
1048 2906 1177 2958 quas
1206 2889 1297 2941 ubi
1325 2889 1647 2942 intellexerat
1677 2890 1787 2944 sibi

769 2982 880 3016 non
917 2964 1123 3033 adesse,
1147 2986 1321 3041 pugna
1355 2967 1647 3040 prudenter
1671 2970 1787 3023 aba·

770 3043 984 3099 tinebat.
1012 3047 1096 3101 Sic
1116 3048 1152 3101 l.
1180 3059 1291 3114 vn,
1307 3049 1785 3120 contraVercinge·

770 3125 993 3196 torigem
1017 3128 1123 3181 :ita
1141 3147 1353 3201 quoque
1373 3128 1514 3182 bello
1526 3130 1642 3183 civ.
1658 3145 1784 3182 con·

774 3215 850 3255 tra
886 3205 1215 3278 Pompeium.
1240 3211 1309 3261 At
1333 3210 1388 3260 in
1412 3226 1472 3262 ea
1495 3209 1784 3280 praesertim

770 3285 1058 3350 occasione,
1071 3288 1345 3358 proposito
1364 3307 1462 3341 suo
1482 3288 1689 3341 fortiter
1707 3288 1784 3340 illi

769 3360 1145 3417 adhaerendum
1167 3379 1305 3419 erat:
1325 3380 1438 3420 tum
1453 3380 1674 3439 propter
1693 3387 1785 3438 op-

768 3444 1145 3512 portunitatem
1168 3441 1574 3513 loci;(Axonam
1586 3447 1784 3518 quippe

768 3524 1055 3593 occupabat
1094 3524 1455 3579 munitissimis
1485 3525 1627 3579 tutus
1672 3544 1782 3581 cas·

768 3600 893 3665 tris,
916 3601 1142 3675 ideoque
1166 3606 1232 3657 ab
1256 3606 1488 3675 ingressu
1514 3606 1571 3658 in
1591 3607 1782 3659 Remo*

768 3697 887 3732 rum
911 3684 1178 3754 regionem
1200 3685 1373 3738 hostes
1395 3683 1647 3752 arcebat);
1668 3697 1781 3739 tnm

767 3773 986 3831 propter
1017 3762 1405 3835 expeditionem
1445 3766 1689 3820 Divitiaci
1723 3766 1779 3819 in

767 3838 1100 3908 Bellovacos,
1143 3843 1209 3896 ad
1252 3861 1383 3916 quos
1425 3843 1780 3899 defendendo·

765 3918 1003 3973 futurum
1021 3937 1156 3990 erat,
1172 3936 1230 3976 ut
1240 3922 1479 3978 foederati
1493 3926 1643 3980 brevi
1656 3937 1782 3979 tem·

766 4017 896 4067 pore
924 3999 1310 4058 dilaberentur.
1342 4018 1395 4058 et
1420 4017 1635 4059 eventus
1657 4024 1782 4078 pru·

764 4075 995 4132 dentiam
1026 4085 1136 4154 ejus
1163 4085 1539 4157 comprobavit.

849 4176 899 4210 3.
928 4159 1238 4233 Equestribus
1260 4167 1459 4235 Μὰ.
1485 4165 1645 4218 Juxta
1677 4165 1778 4217 hoc

756 4252 1085 4310 'preceptum
1112 4243 1350 4316 vegetii,
1374 4245 1409 4298 1.
1450 4262 1555 4310 nr,
1587 4263 1632 4297 c.
1684 4247 1774 4298 36.

766 4315 1021 4389 Nunquam
1042 4321 1241 4376 milesia
1261 4327 1407 4376 aciem
1423 4323 1773 4393 pmduoendus,

1875 2493 2007 2561 cujus
2044 2502 2184 2542 antea
2222 2492 2535 2561 espesunenta
2569 2506 2668 2540 non
2699 2491 2886 2558 ceperis.

1957 2571 2006 2626 3.
2040 2570 2298 2626 Sollicitat.
2317 2568 2698 2641 periclitabatur.
2737 2566 2886 2622 Solli-

1872 2650 2417 2712 citauonibus,1evibus
2431 2649 2641 2720 praeliis.
2655 2649 2887 2700 -Peri-

1872 2730 2141 2784 ditabatur.
2165 2729 2463 2783 Periculum
2487 2728 2708 2781 faciebat
2723 2765 2742 2793 ,
2773 2739 2886 2780 ten·
2881 2775 2890 2784 .

1871 2811 2030 2864 tabat.
2051 2807 2185 2863 Cod.
2203 2821 2381 2862 noster
2403 2808 2572 2878 5763,
2587 2825 2776 2860 vocem
2787 2807 2887 2859 sol-

1871 2890 1987 2942 licit.
2007 2908 2115 2942 non
2137 2889 2368 2959 agnoscit
2387 2906 2400 2940 ε
2421 2889 2552 2940 alter
2565 2905 2693 2940 vero
2714 2889 2888 2956 5764,

1867 2970 2110 3023 sollicitat.
2128 2968 2416 3041 exquirebat.
2443 2965 2646 3022 Eadem
2664 2967 2887 3020 varietas

1869 3049 1926 3101 in
1950 3048 2099 3101 MSS.
2128 3045 2609 3119 Oudendorpianis.

1949 3135 2004 3192 4.
2058 3128 2316 3180 Paululum
2359 3145 2419 3178 ez
2459 3126 2662 3197 planitie
2707 3125 2883 3178 editus.

1867 3209 2081 3261 Leniter
2105 3207 2328 3262 acclivis.
2356 3207 2434 3262 Μ.

1951 3288 2002 3340 5.
2035 3287 2292 3340 Adversus.
2328 3287 2539 3344 Nonea
2580 3296 2728 3355 parte
2765 3302 2886 3355 qun

1867 3365 2081 3420 adversa
2105 3385 2135 3419 e
2172 3366 2385 3437 regione
2421 3376 2564 3429 erat,
2604 3360 2697 3416 sed
2733 3366 2886 3434 p‘arte

1866 3446 2154 3499 anteriore:
2177 3465 2263 3497 sue·
2285 3447 2329 3498 le
2352 3444 2538 3497 danne.
2575 3444 2662 3497 Sic
2698 3442 2887 3496 ademi

1866 3526 2052 3590 dans,
2078 3525 2188 3578 Cic.
2212 3523 2282 3578 de
2306 3527 2425 3579 Nat.
2452 3525 2518 3577 D.
2553 3540 2631 3587 11,
2666 3523 2757 3586 54.
2775 3522 2883 3576 On.

1947 3609 2000 3659 6.
2017 3606 2105 3657 Ex
2121 3616 2466 3678 ueruqueparte
2440 3603 2696 3672 edejoatus
2712 3601 2884 3656 habeb.

1863 3686 1992 3739 Erat
2007 3697 2304 3757 preruptns
2325 3686 2391 3738 ab
2412 3695 2641 3754 utroque
2659 3682 2843 3736 latere.

1863 3797 1872 3804 -
1947 3783 1998 3835 7.
2041 3766 2119 3818 Et
2139 3767 2350 3832 smmem
2380 3765 2471 3816 len.
2498 3764 2784 3831 fatigatae.
2811 3762 2886 3815 Et

1861 3844 2094 3898 molliter
2128 3842 2344 3898 declivis
2386 3855 2699 3896 anu-orsum.
2739 3840 2887 3908 AJii,

1864 3929 1915 3977 in
1927 3928 2120 3993 fronte,
2148 3924 2320 3977 minus
2340 3924 2492 3976 bene.
2521 3921 2777 3983 Fra-sem,
2803 3920 2886 3973 el·

1862 4006 2041 4078 liptica
2065 4005 2279 4058 locutio.
2301 4004 2605 4072 fastigans.
2634 4000 2720 4054 sie
2749 3999 2885 4053 scri·

1757 4107 1764 4115 ·
1861 4084 2125 4151 bendum,
2149 4103 2264 4138 non
2273 4085 2576 4153 fastigiatus.
2605 4080 2699 4133 sil.
2726 4078 2851 4132 Ital.

1905 4173 2082 4220 Sensim
2105 4171 2349 4232 fastigans,
2362 4167 2886 4231 comptus-cammin-

2045 4234 2201 4282 nectit.
2397 4234 2449 4280 L.
2469 4246 2517 4285 v,
2534 4231 2608 4277 50.
2632 4230 2818 4283 Onu..

1865 4322 2034 4379 Codd.
2053 4322 2221 4378 nom-i
2243 4333 2518 4391 macutus.
2545 4318 2702 4376 Male.
