3111 5147
786 554 876 636 14
1076 552 1151 620 C.
1206 549 1487 619 JULII
1540 546 2007 616 CAESARIS
2061 544 2611 615 COMMENT.

785 712 820 748 c<
845 680 1193 778 exemplo⁷
1231 679 1457 801 populi
1494 662 1749 748 romani
1785 702 1977 773 posse
2014 680 2139 747 iter
2174 676 2290 747 ulli
2327 703 2448 773 per
2478 678 2890 747 Provinciam

774 789 964 878 dare3
990 804 1088 876 et,
1107 790 1160 858 si
1184 789 1321 856 vim
1349 788 1566 856 facere
1600 800 1923 855 conentur
1936 785 2472 879 ,prohibiturum
2500 772 2820 854 ostendit⁸
2825 816 2885 853 .»

775 894 1094 984 Helvetii,
1126 919 1205 963 ea
1247 918 1362 989 spe
1407 893 1677 987 dejecti,
1704 892 1982 961 navibus
2017 893 2263 985 junctis
2298 891 2676 985 ratibusque
2714 916 2890 960 com·

772 1001 1072 1097 pluribus
1106 1002 1294 1070 factis
1305 1000 1355 1087 ⁹,
1387 998 1492 1068 alii
1518 998 1704 1067 vadis
1719 997 1768 1023 ¹⁰
1800 998 2142 1087 Rhodani,
2171 1023 2302 1095 qua
2326 999 2595 1067 minima
2622 997 2894 1067 altitudo

773 1107 1061 1177 fluminis
1103 1123 1243 1176 erat
1266 1161 1286 1195 ‚
1322 1129 1795 1199 nonnunquam
1847 1104 2166 1193 interdiu,
2205 1107 2440 1200 saepius
2487 1120 2725 1192 noctu,
2761 1107 2815 1173 si
2847 1100 2890 1128 ¹¹

773 1238 1201 1309 perrumpere
1255 1227 1558 1308 possent,
1587 1214 1841 1299 conati,
1877 1213 2094 1305 operis
2136 1213 2501 1280 munitione
2540 1209 2587 1235 ¹²
2623 1226 2690 1280 et
2728 1210 2891 1279 mili·

773 1335 917 1388 tum
957 1344 1283 1388 concursu
1318 1333 1387 1388 et
1418 1317 1564 1387 telis
1606 1316 1882 1412 repulsi,
1912 1318 2042 1386 hoc
2079 1332 2320 1386 conatu
2364 1316 2772 1386 destiterunt.

878 1428 998 1494 IX.
1021 1424 1536 1519 Relinquebatur
1561 1448 1695 1491 una
1724 1449 1844 1518 per
1870 1426 2206 1517 Sequanos
2231 1425 2373 1511 via,
2399 1447 2562 1516 qua,
2582 1425 2894 1517 Sequanis

772 1532 1027 1620 invitiS‚
1056 1545 1326 1626 propter
1360 1532 1694 1625 angustias
1729 1531 1824 1598 ire
1866 1554 2002 1598 non
2040 1544 2363 1625 poterant.
2405 1531 2525 1598 His
2551 1553 2755 1624 quum
2782 1555 2897 1598 sua

774 1652 1055 1732 sponte
1038 1636 1482 1732 ¹persuadere
1525 1661 1662 1705 non
1698 1650 1999 1730 possent,
2024 1634 2274 1730 legatos
2308 1635 2394 1704 ad
2417 1637 2895 1730 Dumnorigem

771 1744 1059 1813 AEduum
1083 1746 1386 1830 mittunt,
1409 1757 1513 1830 ut,
1549 1767 1630 1810 eo
1665 1741 2152 1837 deprecator-(2²,
2182 1767 2223 1810 a
2248 1745 2564 1836 Sequanis
2589 1743 2894 1836 impetra·

772 1835 971 1918 rent³
978 1850 1406 1918 .Dumnorix
1445 1850 1658 1943 gratia
1691 1863 1757 1917 et
1792 1847 2134 1942 largitione
2170 1848 2346 1943 apud
2377 1851 2716 1942 Sequanos
2751 1847 2895 1943 plu·

774 1958 1014 2023 rimum
1055 1969 1349 2049 poterat,
1378 1969 1446 2023 et
1486 1946 1803 2025 Helvetiis
1844 1969 1986 2024 erat
2028 1957 2312 2043 amicus,
2344 1954 2522 2050 quod
2569 1979 2650 2022 ex
2693 1979 2773 2023 ea
2809 1957 2896 2024 ci-

772 2063 975 2129 vitate
1001 2062 1410 2180 Orgetorigis
1440 2060 1694 2129 filiam
1675 2086 1745 2128 m
1781 2063 2271 2130 matrimonium
2307 2047 2632 2129 duxerat⁴
2634 2076 2751 2148 ‚et
2785 2086 2896 2130 cu·

773 2165 1045 2262 piditate
1059 2192 1242 2262 regni
1228 2166 1584 2236 adductus
1610 2169 1799 2236 novis
1814 2168 2011 2298 rebsus
2034 2167 2363 2255 studebat,
2391 2182 2458 2236 et
2485 2190 2683 2260 quam
2708 2165 2901 2262 pluri·

772 2297 914 2343 mas
942 2275 1238 2343 civitates
1269 2299 1389 2344 suo
1418 2274 1541 2344 sibi
1566 2259 1937 2342 beneflcio⁵
1961 2274 2205 2343 habere
2236 2274 2582 2343 obstrictas
2615 2272 2896 2343 volebat.

769 2382 1001 2474 Itaque
1043 2405 1184 2449 rem
1214 2383 1519 2475 suscipit,
1554 2395 1622 2449 et
1657 2404 1694 2447 a
1731 2382 2048 2473 Sequanis
2083 2383 2426 2474 impetrat,
2460 2393 2537 2448 ut
2573 2403 2692 2474 per
2727 2380 2893 2448 fines

772 2511 925 2555 suos
973 2484 1308 2555 Helvetios
1367 2488 1462 2555 ire
1518 2489 1886 2582 patiantur,
1933 2485 2321 2582 obsidesque
2375 2487 2472 2554 uti
2524 2488 2695 2554 inter
2752 2508 2893 2555 sese

854 2732 906 2782 7.
939 2712 1003 2766 Se
1034 2731 1159 2765 more
1187 2725 1250 2780 et,
1263 2714 1488 2785 exemplo.
1512 2713 1600 2766 sic
1618 2714 1788 2767 Tacit.

773 2792 891 2845 HA.
912 2793 965 2857 1,
990 2794 1055 2846 18
1078 2812 1091 2845 :
1112 2813 1238 2844 more
1257 2794 1620 2864 D.Augustiee
1638 2813 1791 2844 ezem-

766 2872 853 2942 plo
873 2873 1083 2924 militari.
1106 2873 1247 2926 Male
1267 2873 1515 2926 Hotman.
1543 2875 1737 2943 injussu.

853 2953 907 3005 8.
932 2952 1171 3005 Ostendit.
1196 2953 1542 3024 Significavit,
1564 2951 1793 3006 declara·

770 3032 865 3084 vit.
903 3032 1116 3085 Terent.
1148 3033 1390 3086 Eunuch.
1423 3034 1493 3085 V.
1529 3052 1583 3101 9.
1618 3031 1710 3100 59.

851 3131 904 3180 9.
950 3113 1239 3186 Ratibu-sque
1279 3112 1594 3184 compluribus
1619 3113 1789 3179 sactis.

770 3193 1220 3259 namn-adem,
1248 3192 1615 3245 mmsdebois.
1646 3190 1792 3262 quod

769 3272 1003 3341 primum
1045 3273 1146 3324 fuit
1186 3273 1385 3343 navigii
1425 3289 1589 3342 genus
1607 3309 1625 3335 ,
1660 3283 1791 3324 teste

771 3350 909 3403 Plin.
941 3352 978 3403 l.
1008 3369 1092 3402 vn
1110 3388 1127 3415 ,
1155 3362 1210 3403 et
1247 3350 1469 3403 Diodor.
1501 3350 1638 3403 Bibl.
1669 3350 1706 3403 l.
1735 3370 1788 3404 v.

770 3429 945 3484 Hodie
998 3431 1157 3482 etiam
1196 3430 1545 3483 necessarium
1600 3442 1652 3481 et
1698 3449 1790 3501 ap·

768 3511 1001 3581 positum
1030 3508 1099 3563 ad
1129 3508 1540 3562 transvehendos
1567 3508 1790 3575 milites,

768 3608 935 3661 quum
962 3589 1217 3644 navicula
1246 3587 1450 3646 desunt.

858 3688 944 3723 10.
968 3670 1183 3723 Navibus
1202 3668 1496 3742 mribusque,
1521 3668 1612 3720 alii
1627 3669 1787 3722 vadis.

768 3750 853 3802 Ita
870 3748 1029 3803 codd.
1053 3751 1124 3802 ita
1155 3749 1330 3802 Davis.
1356 3762 1410 3802 et
1436 3746 1785 3820 Oudendorp.

769 3829 964 3900 vulgat.
992 3849 1099 3882 nav.
1138 3829 1406 3902 ratibusque
1434 3830 1544 3890 alii,
1580 3829 1670 3881 alii
1693 3848 1788 3880 va·

769 3908 860 3962 dis.
885 3912 955 3961 At
978 3911 1069 3961 alii
1077 3950 1091 3972 ,
1112 3909 1195 3962 bis
1214 3908 1456 3962 hocloco
1475 3910 1787 3980 repetitum,

769 4007 878 4041 non
903 3989 1034 4043 utile
1060 4002 1153 4043 est.

855 4086 878 4120 1
896 4086 917 4119 1
930 4108 942 4120 .
973 4069 1044 4122 St.
1059 4110 1071 4121 .
1084 4110 1098 4123 .
1111 4081 1321 4140 possent.
1350 4070 1565 4122 Terent.
1596 4068 1783 4122 Heaut.

768 4149 883 4198 Act.
901 4164 938 4198 1.
964 4166 1164 4213 scena,
1180 4167 1202 4200 1
1222 4150 1287 4202 18
1307 4147 1782 4200 :visamsidomiesn

769 4224 841 4278 St.
865 4226 920 4278 h.
945 4245 991 4278 e.
1016 4246 1096 4279 an.
1122 4227 1231 4279 Cic.
1253 4225 1415 4281 Acad.
1437 4229 1634 4292 Quat.
1657 4228 1700 4280 1.
1735 4246 1782 4279 1.

765 4305 867 4359 Hic
892 4325 1051 4377 pauca
1078 4309 1234 4376 primo
1251 4343 1269 4370 ,
1296 4319 1437 4378 atque
1471 4325 1530 4357 ea
1553 4325 1783 4375 percunc-

1877 2714 2084 2765 tantibus
2105 2714 2260 2777 nobis,
2284 2726 2354 2776 et,
2381 2717 2429 2765 si
2448 2714 2569 2787 quid
2579 2716 2714 2782 sin-te
2738 2715 2893 2767 Roma

1875 2798 1999 2846 novi.
2030 2794 2163 2846 DAv.

1962 2891 2048 2925 υ.
2078 2877 2230 2945 operis
2272 2877 2541 2925 munitione.
2574 2873 2735 2926 Maro
2777 2874 2894 2927 scil.

1875 2952 2011 3006 fossa
2040 2964 2094 3005 et
2137 2953 2383 3018 castellis,
2404 2951 2473 3005 de
2501 2953 2692 3024 quibus
2733 2954 2894 3024 paulo

1874 3045 1996 3085 ante
2024 3031 2242 3085 dixerat.
2272 3033 2421 3086 Mon.

1955 3113 2084 3165 Cn».
2113 3113 2211 3165 lx.
2237 3131 2287 3165 1.
2317 3112 2420 3165 Sua
2444 3127 2622 3184 sponte.
2648 3113 2751 3165 Per
2777 3132 2851 3166 se.

1960 3212 2010 3244 α.
2049 3193 2130 3244 Εο
2156 3192 2469 3263 deprecatore.
2497 3191 2803 3262 propositio
2832 3193 2896 3244 de

1873 3271 2080 3324 nomini
2118 3270 2362 3342 adjuncta
2399 3270 2470 3324 ad
2503 3270 2798 3343 augendum
2838 3285 2896 3325 et

1874 3349 2250 3403 cumulandum
2278 3352 2415 3405 valet
2428 3389 2446 3417 ,
2477 3364 2536 3404 ut
2567 3349 2720 3404 docet
2748 3352 2892 3404 Gen.

1877 3430 2031 3483 Noct.
2053 3433 2161 3483 Att.
2194 3432 2274 3497 L,
2302 3449 2394 3497 vt,
2420 3450 2467 3484 c.
2492 3435 2578 3484 16.
2611 3431 2784 3496 Quam
2817 3432 2893 3484 ni·

1875 3509 2262 3581 suificationem
2285 3510 2373 3564 hic
2401 3512 2631 3576 obtinet,
2656 3523 2718 3562 ut
2745 3509 2896 3581 apud

1873 3589 2087 3642 Petron.
2112 3590 2169 3642 in
2193 3603 2352 3662 satyr.
2377 3610 2423 3644 c.
2443 3591 2536 3645 30.
2558 3593 2691 3643 Du.
2710 3589 2897 3661 Vulgo

1874 3668 2162 3740 deprecator,
2199 3672 2291 3741 qui
2328 3689 2420 3724 reo
2449 3669 2760 3742 deprecatur
2797 3688 2896 3723 ve-

1873 3749 2031 3800 niam.
2059 3749 2114 3802 h.
2146 3749 2183 3802 l.
2215 3751 2543 3821 simpliciter,
2571 3761 2632 3801 ut
2646 3787 2664 3814 ,
2694 3767 2751 3800 eo
2773 3767 2896 3818 pm-

1873 3840 2036 3891 cante,
2068 3830 2346 3883 munitum
2370 3832 2727 3902 impetrarent.

1930 3908 1981 3961 3.
1994 3909 2500 3982 ῙηψεππκιιιΝιιΙςο
2513 3910 2601 3960 hoc
2613 3905 2896 3980 premitti-

1869 4001 1975 4041 tur.
2006 3987 2351 4061 Oudendorp.
2390 3988 2606 4052 delevit,
2637 4007 2700 4040 ex
2730 3985 2896 4042 codd.

1952 4076 2004 4133 4.
2034 4067 2504 4139 Orgetorigaekfiliam
2524 4067 2741 4120 damet-at.
2764 4066 2899 4122 vide

1870 4165 2026 4219 supra
2046 4168 2159 4220 cap.
2197 4150 2247 4202 3.

1954 4228 2005 4280 5.
2037 4227 2139 4281 Suo
2155 4228 2247 4279 siba·
2265 4223 2498 4295 beneficio.
2525 4226 2589 4278 In
2617 4226 2897 4282 nonnullis

1869 4304 2024 4360 codd.
2043 4305 2190 4359 deest
2203 4305 2309 4358 sibi.
2327 4309 2397 4358 At
2419 4306 2765 4359 necessarium
2789 4321 2892 4359 ent.
