3111 5147
760 543 914 617 206
1048 545 1123 626 C.
1180 541 1462 610 JULII
1518 539 1984 608 CAESARIS
2041 538 2591 608 COMMENT.

757 694 982 749 tenere
1013 673 1291 763 vellent,
1326 699 1450 744 nec
1483 673 1713 741 virtuti
1754 671 1938 741 locus
1982 669 2470 766 relinquebatur
2489 726 2509 760 ,
2552 693 2769 767 neque
2797 673 2894 745 ab

758 799 943 853 tanta
994 781 1412 852 multitudine
1456 782 1755 874 conjecta
1798 778 1923 847 tela
1971 779 2250 847 conferti
2293 781 2502 847 vitare
2556 795 2893 874 poterant.

756 895 1009 961 Tamen
1051 903 1149 958 tot
1190 886 1623 957 incommodis
1665 885 2056 974 conflictati,
2082 884 2305 953 multis
2352 883 2738 957 vulneribus
2778 913 2893 957 ac-

758 1000 1000 1116 ceptiS,
1028 996 1450 1081 resistebant3
1473 1007 1542 1063 et
1568 1017 1810 1088 magna
1839 1006 2028 1130 parte
2060 992 2186 1061 diei
2219 1008 2646 1087 consumpta,
2680 1020 2893 1088 quum

758 1128 797 1172 a
828 1106 1040 1198 prima
1077 1101 1223 1171 luce
1251 1100 1338 1169 ad
1369 1102 1605 1169 horam
1648 1086 1993 1169 octavam⁴
2023 1114 2450 1193 pugnaretur,
2481 1099 2641 1168 nihil
2658 1102 2893 1194 ,quod

756 1210 911 1304 ipsis
955 1222 1125 1277 esset
1172 1207 1554 1302 indignum,
1599 1206 2114 1277 committebant.
2168 1209 2337 1274 Tum
2382 1209 2454 1274 T.
2499 1205 2892 1297 Balventio,

755 1318 868 1409 qui
921 1317 1255 1408 superiore
1308 1339 1484 1382 anno
1526 1315 1813 1409 primum
1869 1298 2118 1407 pilum⁵
2163 1312 2479 1401 duxerat,
2529 1314 2679 1382 viro
2732 1263 2892 1384 forti

755 1437 824 1489 et
864 1445 1121 1515 magnae
1157 1421 1602 1507 auctoritatiS,
1630 1435 1985 1513 utrumque
2029 1418 2244 1486 femur
2288 1403 2579 1514 tragula⁶
2621 1422 2887 1513 transji-

755 1529 961 1597 citur.
991 1529 1075 1614 Q.
1106 1528 1439 1596 Lucanius
1452 1473 1786 1621 ,ejiisdem
1816 1525 2126 1613 ordinis7,
2156 1525 2505 1596 fortissime
2539 1550 2845 1621 pugnans
2864 1582 2886 1616 ‚

755 1632 916 1702 dum
968 1635 1420 1703 circumvento
1469 1631 1607 1701 filio
1652 1632 1994 1719 subvenit,
2035 1631 2471 1699 interficitur:
2520 1634 2596 1700 L.
2644 1637 2885 1722 Cotta,

755 1738 1043 1835 legatuS,
1095 1764 1325 1810 omnes
1383 1739 1690 1809 cohortes
1742 1738 2134 1832 ordinesque
2198 1737 2596 1827 adhortans,
2646 1741 2711 1806 in
2762 1739 2881 1807 ad-

755 1871 1020 1914 versum
1064 1872 1138 1914 os
1151 1832 1419 1913 8funda
1455 1843 1851 1912 vulneratur.

861 1954 1180 2020 XXXVI.
1238 1952 1358 2018 His
1393 1950 1590 2019 rebus
1632 1964 1970 2044 permotus
2006 1951 2092 2038 Q.
2128 1951 2455 2037 TituriuS,
2484 1975 2691 2044 quum
2728 1977 2882 2047 pro·

756 2055 863 2126 cul
923 2056 1373 2150 Ambiorigem
1426 2081 1580 2126 suos
1630 2057 2088 2125 cohortantem
2142 2058 2629 2151 conspexisset,
2682 2059 2880 2126 inter·

756 2177 1010 2257 pretem
1041 2187 1232 2232 suum
1250 2216 1270 2249 ,
1301 2165 1426 2234 Cn
1462 2162 1914 2257 Pompeiumss
1942 2164 2025 2231 ad
2053 2186 2206 2231 eum
2235 2160 2495 2249 mittit²‚
2537 2178 2882 2257 rogatum,

754 2284 863 2338 ut
857 2269 999 2339 sibi
1058 2268 1496 2362 militibusque
1555 2284 1802 2363 parcat.
1860 2216 2026 2337 Ille³
2082 2267 2445 2364 appellatus
2497 2271 2879 2364 respondit:

763 2404 798 2441 α
827 2377 881 2446 si
921 2374 1080 2444 velit
1121 2400 1345 2445 secum
1398 2372 1722 2468 colloqui,
1766 2373 2000 2463 licere;
2043 2399 2309 2469 sperare
2364 2399 2405 2443 a
2462 2373 2882 2447 multitudine

752 2582 1100 2657 dispositione
1111 2583 1165 2635 in
1186 2584 1404 2636 orbem:
1425 2602 1566 2648 nam,
1585 2597 1643 2635 ut
1657 2602 1771 2656 sup.

751 2662 982 2717 diximus
1000 2702 1018 2730 ,
1039 2681 1137 2716 nec
1162 2681 1268 2715 una
1284 2662 1532 2734 progredi
1548 2701 1566 2728 ,
1579 2681 1676 2717 neo
1691 2682 1775 2717 re·

752 2742 904 2815 gredi
933 2755 1193 2815 poterant.
1226 2743 1302 2795 Ea
1332 2754 1508 2795 tamen
1533 2756 1741 2815 recepta
1755 2781 1773 2809 ,

755 2841 866 2876 non
883 2822 1234 2894 pei-cohortes
1264 2821 1647 2894 aggrediendus
1659 2836 1775 2877 erat

751 2902 952 2969 hostis,
988 2901 1080 2956 sed
1113 2902 1337 2955 firmiter
1366 2901 1772 2974 exspectandus,

753 2994 809 3034 et
843 3001 966 3036 cum
998 2993 1109 3036 tota
1136 2983 1395 3054 phalange
1420 2982 1771 3055 repellendus.

751 3064 822 3116 At
846 3063 1053 3130 melius,
1061 3075 1246 3116 nostro
1254 3062 1470 3134 quidem
1477 3062 1705 3134 judicio
1731 3063 1773 3115 si

750 3161 848 3215 per
869 3141 1001 3196 duas
1026 3144 1110 3196 vel
1133 3154 1239 3196 tres
1268 3144 1400 3196 acies
1420 3142 1599 3196 denuo
1620 3161 1773 3195 cons-

749 3223 907 3275 tituta
918 3223 1148 3294 phalanx
1155 3224 1331 3275 subito
1339 3235 1487 3274 motu
1498 3223 1552 3274 in
1567 3223 1772 3275 hostem

751 3301 1048 3367 insiliisset·
1074 3301 1166 3354 sed
1196 3301 1265 3355 de
1287 3301 1496 3355 duobus
1528 3301 1772 3370 ducibus,

752 3382 1189 3453 unusjainanimo
1203 3380 1490 3446 defecerat3
1501 3382 1659 3446 alter,
1674 3383 1772 3435 etsi

748 3472 992 3513 strenuus
1007 3498 1023 3526 ,
1062 3473 1219 3513 tanta
1248 3462 1525 3514 celeritatis
1553 3461 1770 3515 minime

751 3557 914 3612 capax
932 3541 1048 3593 fuit.
1076 3539 1407 3603 Generatim,
1434 3540 1766 3607 orbicularis,

749 3639 842 3673 seu
893 3618 1146 3691 quadrata
1187 3620 1446 3691 phalanx,
1474 3621 1523 3673 ei
1565 3630 1769 3673 tantum

748 3700 997 3753 convenit
1010 3700 1259 3752 exercitui
1270 3738 1286 3765 ,
1301 3701 1395 3771 qui
1409 3700 1767 3772 superioribus

750 3798 1014 3851 aggressus
1043 3779 1240 3851 copiis,
1269 3780 1449 3833 locum
1476 3781 1645 3846 tueri,
1666 3798 1766 3833 nec

750 3856 990 3913 deserere
1000 3858 1370 3931 cogitandum
1387 3859 1551 3913 modo
1568 3872 1764 3923 tamen,

748 3939 833 3992 vel
891 3940 1144 3994 auxilium
1204 3958 1432 4013 praesens
1486 3939 1650 4005 adsit,
1680 3942 1766 3993 vel

748 4020 932 4071 saltem
943 4019 1429 4089 breviadfuturum,
1443 4039 1561 4094 spes
1589 4021 1765 4092 aliqua

749 4097 963 4152 eluceat.

829 4183 881 4239 4.
911 4179 1004 4231 Ad
1023 4180 1186 4232 horam
1209 4194 1438 4234 octavam.
1466 4178 1762 4235 Secundam

749 4256 1178 4325 pomeridianam.

1946 2584 1998 2636 5.
2015 2586 2231 2636 Primum
2250 2585 2421 2656 pilum.
2449 2587 2643 2638 Primus
2667 2590 2881 2640 oentun‘o

1851 2665 2125 2736 primipilus
2154 2665 2448 2737 appellatur,
2471 2667 2645 2738 inquit
2666 2667 2849 2720 Livius
2863 2685 2882 2721 τ

1859 2762 1984 2796 nain
2013 2745 2184 2815 prima
2225 2745 2461 2797 centuria
2501 2747 2708 2818 primns
2741 2747 2883 2819 pilus

1859 2825 2162 2877 vocabatur.

1942 2908 1993 2957 6.
2029 2904 2263 2973 Tragula.
2283 2903 2354 2955 V.
2382 2922 2541 2975 supra
2565 2906 2604 2959 l.
2632 2906 2693 2971 Ι,
2715 2926 2762 2961 c.
2784 2910 2877 2960 26.

1941 3002 1994 3053 7.
2029 2983 2261 3054 Ejusdem
2297 2983 2497 3036 ordinis.
2534 2984 2659 3039 Scil.
2692 2987 2879 3057 primi·

1857 3063 2014 3133 pilus.

1941 3144 1992 3197 8.
2026 3144 2089 3195 In
2118 3143 2361 3195 adversum
2392 3162 2460 3196 oe.
2492 3144 2556 3196 In
2588 3142 2878 3199 delendum

1855 3235 2033 3275 censet
2049 3221 2399 3296 Oudendorp.
2426 3223 2580 3275 Male.

1937 3304 2065 3355 Cu.
2091 3304 2348 3356 xxxvl.
2384 3322 2429 3356 1.
2462 3302 2549 3356 Cu.
2576 3303 2879 3373 Pompeium.

1858 3383 2083 3435 Ursinus
2113 3401 2144 3434 e
2178 3383 2286 3435 suis
2318 3380 2468 3436 oodd.
2501 3379 2631 3433 dicit
2667 3382 2729 3434 C.
2766 3383 2878 3436 Ar-

1846 3464 2089 3532 pineium,
2125 3460 2370 3515 eumdem
2398 3461 2485 3533 qui
2518 3457 2677 3522 (vide
2709 3480 2875 3535 supra

1855 3559 1906 3592 c.
1936 3561 2005 3612 ²7
2022 3538 2043 3604 )
2060 3541 2249 3595 missus
2271 3556 2385 3596 erat
2408 3539 2474 3593 ad
2493 3542 2872 3613 Ambiorigem.

1923 3640 1951 3672 α
1961 3662 1972 3673 .
1988 3621 2184 3674 Adeunt
2194 3624 2354 3675 mittit.
2366 3623 2722 3693 Prata-quam
2730 3621 2875 3694 quod

1854 3700 1965 3753 haec
2001 3701 2192 3773 legatio
2226 3715 2338 3755 erat
2366 3700 2555 3755 debilis
2583 3700 2871 3754 admodum

1853 3782 2045 3848 animi,
2076 3794 2233 3854 atque
2265 3783 2484 3834 minime
2525 3782 2779 3846 Romani,
2810 3800 2873 3834 ea

1850 3862 2141 3932 prasertim
2181 3880 2438 3916 summam
2461 3863 2634 3934 arguit
2668 3863 2872 3933 impru-

1851 3939 2102 3996 dentiam.
2127 3942 2271 4008 Quin
2298 3943 2505 4014 potius,
2522 3944 2633 4013 ipse
2654 3945 2762 4014 jam
2783 3940 2873 3994 de-

1851 4035 2032 4093 ceptus
2059 4024 2124 4075 ab
2151 4023 2454 4094 Ambiorige
2476 4023 2687 4075 fortiter
2717 4020 2872 4074 cade-

1849 4115 1931 4154 ret
1953 4116 2208 4167 armatus,
2226 4121 2385 4173 quam
2408 4101 2590 4154 denuo
2613 4120 2670 4155 se
2691 4120 2871 4155 suum-

1849 4200 1952 4253 que
1975 4184 2260 4235 exercitum
2289 4180 2496 4253 perfido
2523 4180 2795 4236 traderet?

1934 4262 1982 4314 3.
2011 4262 2117 4317 Ille.
2142 4262 2263 4315 Scil.
2295 4262 2589 4315 Ambiorix.
