3111 5147
790 523 926 595 132
1054 529 1129 595 C.
1185 528 1470 595 JULII
1524 526 1996 595 CAESARIS
2050 524 2605 596 COMMENT.

777 656 866 725 illi
909 658 1087 727 domi
1130 673 1486 727 remanent.
1515 660 1624 728 Sic
1653 682 1864 751 neque
1891 655 2318 751 agricultura,
2348 680 2471 725 nec
2496 655 2664 725 ratio
2698 669 2881 748 atque

775 788 932 833 usus
958 762 1143 852 belli,
1164 766 1628 833 intermittitur.
1661 763 1804 832 Sed'
1815 763 2052 858 privati
2086 787 2164 832 ae
2199 763 2480 857 separati
2515 760 2691 856 agri⁷
2717 759 2892 854 apud

776 893 889 938 eos
932 868 1094 938 nihil
1136 885 1266 957 est,
1293 894 1504 963 neque
1549 868 1805 964 longius
1848 893 2023 937 anno
2067 893 2405 937 remanere
2447 892 2583 936 uno
2627 868 2695 935 in
2745 866 2882 935 loco

774 972 1101 1045 incolendi
1137 962 1368 1045 causa⁸
1393 974 1560 1044 licet.
1590 978 1824 1069 Neque
1852 973 2134 1043 multum
2167 973 2533 1061 frumento,
2558 973 2673 1042 sed
2702 972 2885 1042 maxi·

773 1105 950 1149 mam
975 1078 1266 1175 partem⁹
1290 1079 1458 1150 lacte
1500 1094 1696 1174 atque
1738 1105 1976 1174 pecore
2010 1081 2277 1167 vivunt,
2305 1079 2716 1172 multumque
2742 1090 2885 1148 sunt

773 1188 841 1252 in
883 1186 1380 1255 venationibus:
1417 1211 1561 1280 quae
1605 1210 1740 1272 res,
1783 1201 1852 1253 et
1909 1185 2036 1255 cibi
2090 1210 2327 1279 genere
2346 1240 2365 1273 ,
2410 1199 2476 1254 et
2518 1184 2886 1278 quotidiana

773 1292 1233 1360 exercitatione
1252 1346 1273 1378 ,
1297 1307 1366 1360 et
1414 1291 1711 1360 libertate
1752 1292 1934 1379 vitae,
1970 1290 2148 1383 quod
2190 1314 2231 1358 a
2272 1292 2491 1385 pueris
2531 1290 2715 1360 nullo
2756 1289 2886 1359 offi-

774 1398 876 1465 cio
919 1412 1034 1465 aut
1074 1396 1412 1492 disciplina
1455 1396 1831 1483 assuefacti,
1862 1396 2023 1464 nihil
2075 1398 2345 1465 omnino
2387 1412 2616 1467 contra
2659 1395 2882 1465 volun·

772 1517 975 1570 tatem
1019 1501 1290 1590 faciant,
1315 1518 1381 1571 et
1422 1504 1593 1571 vires
1635 1500 1784 1588 alit,
1826 1516 1894 1570 et
1935 1503 2201 1571 immani
2244 1528 2598 1598 corporum
2643 1503 2885 1597 magni·

774 1607 998 1676 tudine
1041 1607 1404 1677 homines¹⁰
1439 1607 1660 1675 efficit.
1691 1609 1905 1699 Atque
1948 1609 2017 1674 in
2059 1631 2204 1675 eam
2240 1633 2309 1677 se
2353 1608 2885 1678 consuetudinem

771 1713 1218 1801 adduxerunt,
1246 1728 1319 1781 ut
1362 1712 1520 1781 locis
1564 1711 1988 1806 frigidissimis
2006 1765 2025 1799 ,
2053 1737 2264 1806 neque
2320 1715 2620 1799 vestituS,
2656 1728 2886 1808 praeter

771 1817 1008 1913 pelles,
1043 1819 1329 1887 habeant
1370 1817 1726 1911 quidquam
1768 1809 2086 1911 (quarum
2129 1834 2402 1913 propter
2443 1819 2885 1914 exiguitatem,

772 1947 1012 2017 magna
1056 1937 1154 1992 est
1196 1924 1489 2019 corporis
1533 1946 1687 2016 pars
1712 1918 2074 2017 aperta¹¹),
2097 1940 2164 1993 et
2188 1923 2487 1994 laventur
2511 1924 2557 1950 ¹²
2578 1927 2645 1993 in
2673 1926 2884 1994 flumi-

775 2028 987 2096 nibus.

880 2136 967 2201 II.
1018 2135 1496 2205 Mercatoribus
1530 2149 1629 2205 est
1663 2133 1746 2203 ad
1787 2160 1899 2205 eos
1941 2135 2187 2222 aditus,
2230 2138 2436 2232 magis
2480 2162 2594 2225 eo,
2630 2154 2707 2207 ut
2749 2164 2888 2232 quae

776 2337 916 2389 inter
940 2355 994 2389 se
1018 2333 1175 2389 codd.
1202 2348 1358 2405 atque
1385 2332 1507 2386 edd.
1539 2334 1786 2386 Nostram

776 2417 1057 2469 lectionem
1075 2416 1271 2467 habent
1297 2411 1455 2473 codd.
1485 2425 1539 2466 et
1560 2411 1787 2465 editores

779 2494 933 2547 multi
954 2495 1059 2547 :ita
1083 2511 1295 2564 quoque
1315 2492 1439 2562 legit
1453 2509 1604 2563 graec.
1626 2492 1789 2545 inter-

778 2593 898 2645 pres
914 2591 928 2624 :
944 2575 984 2626 οἱ
1003 2573 1088 2642 μὲν
1107 2575 1152 2625 ἐν
1166 2579 1229 2640 τῇ
1243 2567 1449 2640 πατρίδι
1458 2571 1705 2642 ,zaraath
1713 2591 1792 2623 αν·

778 2672 888 2714 τις,
912 2654 1109 2712 ἑαυτούς
1142 2671 1195 2702 τι
1224 2651 1305 2703 καὶ
1323 2651 1523 2711 ἐκείνους
1547 2655 1790 2722 τρέφουσι.

781 2730 885 2782 Alii
909 2749 1018 2782 non
1042 2730 1253 2783 levioris
1281 2748 1493 2800 quoque
1517 2730 1794 2782 auctorita·

780 2808 849 2861 tis
869 2810 1091 2881 :Reliqui
1103 2810 1233 2861 domi
1249 2820 1438 2860 manent
1449 2829 1569 2880 :pro
1584 2828 1633 2859 se
1654 2820 1794 2880 atque

781 2888 878 2938 illis
905 2889 1067 2940 colunt
1086 2885 1313 2951 (terram
1334 2883 1372 2951 ).
1410 2891 1480 2941 At
1514 2885 1791 2940 durissima

782 2968 998 3020 auribus
1026 2968 1299 3039 repetitio,
1329 2968 1500 3039 reliqui
1525 2968 1657 3018 domi
1690 2985 1793 3016 ma-

783 3059 921 3109 nent,
950 3060 1017 3100 >et
1041 3048 1216 3101 statim
1244 3047 1384 3112 haec,
1420 3047 1494 3098 illi
1535 3047 1665 3100 domi
1691 3064 1793 3096 ma·

783 3139 929 3187 πεπυ
963 3124 1107 3178 unde
1135 3126 1396 3178 Gruterus
1430 3144 1489 3178 ea
1525 3124 1689 3178 veluti
1713 3143 1796 3176 su-

784 3204 984 3277 perflua
1005 3201 1284 3274 rejicienda
1301 3204 1642 3256 existimabat.
1660 3202 1793 3255 cod.

784 3302 893 3354 reg.
925 3283 1074 3353 5763
1092 3320 1108 3347 ,
1138 3282 1334 3353 reliqui,
1360 3286 1443 3351 qui
1467 3282 1598 3333 domi
1619 3301 1797 3332 manse-

787 3374 924 3424 runt,
959 3380 1008 3411 se
1036 3372 1177 3433 atque
1212 3361 1319 3411 illos
1356 3362 1505 3413 alunt.
1538 3361 1607 3411 Et
1636 3361 1795 3430 paulo

785 3454 929 3513 post,
945 3441 1017 3491 illi
1042 3439 1171 3490 domi
1190 3451 1441 3491 remanent.
1466 3437 1794 3509 cod-5764,

787 3521 918 3592 reliq.
945 3522 1029 3591 qui
1052 3518 1177 3570 dom.
1204 3521 1531 3578 remanserint,
1562 3529 1649 3569 etc.

869 3617 921 3669 7.
941 3599 1133 3651 Privati
1147 3616 1205 3647 ac
1221 3602 1434 3667 separati
1442 3601 1567 3667 agri.
1583 3596 1796 3650 Tacitus

786 3675 926 3730 idem
947 3677 1105 3729 habet
1131 3674 1197 3727 de
1226 3676 1302 3727 M.
1331 3676 1511 3728 Germ.
1546 3675 1636 3743 39.
1656 3675 1795 3728 Arra

777 3778 871 3829 per
891 3775 1038 3808 annos
1079 3766 1286 3816 mutant,
1327 3767 1378 3805 et
1415 3768 1626 3825 superest
1660 3774 1791 3823 ager.

784 3837 854 3889 Et
881 3855 1022 3907 supr.
1059 3834 1194 3903 Agri
1211 3853 1309 3904 pro
1346 3851 1536 3886 numero
1564 3834 1794 3886 cultorum

785 3916 847 3967 ab
872 3920 1093 3967 anicet-sis
1113 3933 1205 3985 per
1228 3917 1343 3966 vices
1365 3925 1678 3985 occupantur,
1701 3924 1789 3966 etc.

874 3998 925 4049 8.
957 3994 1213 4055 Incolendi.
1255 3990 1424 4047 codd.
1468 3992 1709 4046 nonnulli
1739 4005 1792 4045 et

785 4073 956 4129 Ciacc.
983 4073 1181 4125 colendi.
1208 4072 1405 4126 Forsan
1429 4072 1604 4124 minus
1631 4072 1788 4136 bene;

783 4169 905 4204 nam
937 4151 992 4204 h.
1025 4153 1060 4204 1.
1092 4149 1160 4204 de
1185 4151 1536 4215 habitatione,
1572 4169 1682 4204 non
1722 4148 1789 4202 de

783 4231 1096 4302 agricultura
1116 4247 1288 4284 sermo
1307 4243 1400 4284 est.
1422 4229 1593 4284 Graec.
1618 4248 1785 4282 κατοι-

1873 2337 1989 2387 κεῖν.
2020 2337 2263 2387 Attamen
2297 2334 2485 2386 colendi
2520 2353 2621 2405 pro
2661 2336 2890 2388 inoebmli

1874 2411 1980 2465 dici
1999 2432 2152 2485 posse
2179 2415 2262 2467 vel
2294 2415 2361 2466 ab
2384 2424 2517 2485 optt.
2543 2414 2744 2486 scriptt.
2771 2433 2888 2487 pm·

1874 2490 2063 2544 batur:
2091 2492 2182 2544 Sil.
2208 2493 2324 2545 Ital.
2359 2494 2394 2546 l.
2421 2512 2482 2558 v,
2514 2499 2645 2556 241.

1885 2604 1896 2616 .
1916 2604 1927 2615 .
1949 2605 1959 2616 .
1978 2603 1990 2616 .
2008 2604 2019 2615 .
2040 2604 2051 2615 .
2075 2570 2175 2616 Nisi
2192 2586 2332 2631 quem
2353 2569 2467 2617 deus
2490 2571 2581 2618 ima
2605 2571 2840 2619 colentum

1873 2649 2148 2695 Dammset
2164 2651 2331 2712 Stygia
2351 2650 2493 2696 nocti.

1875 2728 1979 2782 Sed
2009 2731 2208 2784 rariora
2232 2743 2355 2783 sunt
2380 2732 2634 2802 exempla.

1975 2827 2028 2876 9.
2080 2809 2346 2861 Maximam
2383 2823 2586 2879 partem.
2635 2810 2888 2864 Hellenis·

1876 2905 2031 2939 mus:
2062 2886 2223 2945 κατὰ,
2259 2887 2577 2954 secundum,
2615 2908 2675 2940 en
2709 2890 2891 2959 grande

1867 2970 2044 3037 partie.
2063 2965 2312 3020 Similiter
2324 2969 2432 3021 Cic.
2450 2967 2517 3020 de
2530 2967 2706 3021 reditu
2719 2988 2816 3022 suo
2825 2969 2892 3023 nd

1878 3047 2010 3116 Pop.
2027 3046 2263 3115 Magnam
2272 3060 2459 3117 partem
2475 3052 2606 3099 tectis
2618 3068 2678 3100 ac
2696 3049 2890 3102 tenebris

1878 3124 2247 3178 continebantur.

1966 3222 2053 3256 10.
2085 3204 2328 3257 Homi‘nes.
2356 3206 2422 3256 Τὸ
2449 3206 2655 3256 homines
2676 3207 2814 3259 male
2842 3220 2892 3260 et

1879 3295 2061 3335 contra
2103 3280 2257 3336 codd.
2289 3283 2543 3355 expunxit
2571 3284 2700 3337 Scal.
2741 3286 2890 3338 Non-

1879 3362 2011 3412 nulli
2036 3379 2136 3431 pro
2155 3362 2359 3413 homines
2374 3364 2556 3434 legunt
2578 3383 2666 3414 eos.
2700 3362 2896 3435 Perpe-

1875 3457 2008 3491 ram.
2030 3441 2189 3492 Recte
2209 3459 2358 3510 graec.
2395 3443 2489 3494 int.
2509 3442 2611 3494 Καὶ
2630 3444 2890 3514 πιλωρίως

1880 3520 2104 3588 μεγέθους
2124 3517 2305 3589 ἄνδρας
2326 3523 2548 3590 παρέχει.
2563 3520 2751 3593 Pomp.
2764 3523 2891 3574 Mel.

1878 3598 1914 3650 l.
1957 3615 2055 3660 111,
2081 3616 2127 3649 c.
2174 3599 2225 3651 3.
2267 3598 2372 3668 Qui
2397 3599 2649 3661 habitant,
2688 3601 2890 3671 inquit,

1879 3680 2099 3727 immanes
2122 3690 2236 3728 sunt
2254 3681 2421 3728 animis
2437 3690 2580 3750 atque
2595 3680 2891 3750 corporibus,

1877 3766 1928 3804 et
1952 3755 2022 3806 ad
2045 3759 2233 3806 insitam
2250 3758 2496 3823 J'eritatem
2523 3770 2663 3809 vaste
2693 3770 2890 3830 utraqeoe

1876 3846 2114 3896 exercent,
2142 3846 2232 3887 etc.

1923 3931 1987 3965 11.
2002 3913 2203 3984 Aperta.
2217 3913 2372 3966 Nuda
2379 3916 2740 3967 membrorum
2749 3934 2888 3986 pars.

1926 4010 2014 4046 ιιι.
2055 3995 2296 4045 Lamum·
2330 4000 2378 4045 in
2404 3995 2701 4066 fluat-what.
2741 3994 2894 4048 Idem

1873 4071 2031 4125 habet
2064 4072 2200 4127 Mela
2218 4111 2236 4139 ,
2282 4072 2416 4126 κατὰ
2457 4069 2597 4126 πόδα
2633 4075 2897 4128 Caesarem

1871 4163 2112 4224 nostrum
2151 4164 2372 4205 secutum.
2396 4183 2478 4195 —-
2495 4154 2752 4206 Laetatur.
2789 4154 2896 4208 Alii

1873 4230 2108 4284 lavantur.
2131 4229 2259 4284 vid.
2283 4232 2434 4303 Virg.
2455 4233 2556 4285 En.
2582 4249 2665 4297 11,
2692 4234 2823 4288 603.
