3111 5147
535 534 674 602 DE
728 535 1072 604 BELLO
1125 536 1617 607 GALLICO.
1675 539 1861 608 LIB.
1919 543 2050 611 VI.
2234 543 2382 644 259

368 667 585 736 XIX.
665 669 849 755 Viri,
920 682 1201 764 quantas
1261 672 1575 764 pecunias
1604 670 1622 695 ¹
1680 672 1766 741 ab
1828 675 2142 745 uxoribus
2211 676 2382 750 dotis
2452 684 2460 693 '

241 774 515 841 nomine
569 790 971 869 acceperunt
988 829 1008 863 ‚
1054 789 1271 844 tantas
1341 800 1422 844 ex
1481 779 1617 845 suis
1677 778 1868 848 bonis
1887 835 1907 867 ‚
1957 784 2383 856 aestimatione

241 877 422 948 facta
441 933 461 967 ,
504 904 660 950 cum
703 881 967 950 dotibus
1009 884 1520 952 communicant.
1561 884 1776 976 Hujus
1819 889 2033 957 omnis
2087 894 2384 985 pecuniae

242 986 656 1079 conjunctim
690 990 857 1055 ratio
893 989 1209 1077 habetur,
1237 986 1624 1084 fructusque
1660 1006 2007 1061 servantur
2035 1019 2052 1060 τ
2089 1010 2238 1065 uter
2268 1022 2380 1066 eo-

244 1117 400 1160 rum
453 1096 591 1161 vita
643 1096 969 1189 superarit
988 1148 1007 1184 ‚
1050 1095 1136 1164 ad
1178 1118 1331 1164 eum
1381 1120 1540 1190 pars
1597 1098 1939 1192 utriusque
1998 1124 2150 1169 cum
2207 1102 2382 1172 fruc·

245 1198 425 1267 tibus
443 1197 466 1225 ²
513 1202 926 1294 superiorum
975 1216 1350 1295 temporum
1403 1204 1722 1296 pervenit.
1769 1205 1916 1275 Viri
1968 1208 2038 1274 in
2078 1231 2318 1279 uxores
2336 1196 2383 1299 ³,

248 1306 423 1373 sicut
451 1308 519 1374 in
550 1304 822 1396 liberos,
840 1310 991 1376 vitae
1020 1310 1329 1402 necisque
1357 1309 1607 1377 habent
1632 1324 2058 1403 potestatem:
2080 1328 2147 1383 et
2179 1340 2384 1409 quum

247 1425 442 1505 pater
487 1412 786 1499 familiae,
828 1413 1165 1484 illustriori
1205 1414 1354 1483 loco
1397 1430 1592 1487 natus
1611 1469 1635 1534 ’.
1685 1415 2001 1505 decessit,
2040 1418 2180 1510 ejus
2228 1446 2384 1517 pro-

251 1519 482 1612 pinqui
503 1468 909 1589 conveniunt
928 1536 1059 1610 ,et‚
1072 1522 1381 1591 demorte
1408 1525 1462 1592 si
1488 1522 1684 1591 resin
1709 1524 2147 1616 suspicionem
2172 1531 2386 1617 venit,

252 1621 331 1691 de
365 1626 724 1695 uxoribus
706 1652 774 1695 m
797 1627 1099 1697 servilem
1124 1615 1432 1697 ιιιοόιιιιι4
1452 1629 1879 1724 quaestionem
1911 1629 2187 1722 habent3
2207 1648 2305 1719 et,
2331 1637 2385 1703 si

252 1747 669 1826 compertum
691 1720 832 1803 est⁵
838 1735 1018 1828 ‚igni
1046 1749 1244 1830 atque
1270 1724 1577 1805 omnibus
1590 1738 1950 1865 stormentis
1979 1741 2386 1809 excruciatas

254 1837 674 1908 interficiunt.
726 1841 983 1910 Funera
1030 1857 1185 1912 sunt
1228 1866 1353 1937 pro
1390 1826 1617 1911 cultu⁶
1644 1841 1990 1912 Gallorum
2034 1844 2385 1938 magnifica

256 1957 322 2011 et
347 1960 774 2041 sumptuosa;
796 1950 1176 2043 omniaque,
1212 1973 1357 2043 quae
1399 1950 1565 2016 vivis
1602 1947 1786 2016 cordi
1822 1948 2021 2017 fuisse
2061 1949 2383 2020 arbitran-

257 2050 435 2137 tur⁷‚
468 2053 535 2118 in
577 2055 796 2148 ignem
828 2054 1157 2141 inferunt,
1191 2057 1390 2123 etiam
1431 2052 1781 2123 animalia.
1819 2079 1897 2124 ac
1942 2053 2140 2149 paulo
2186 2082 2389 2153 supra

260 2153 436 2225 hanc
475 2161 855 2230 memoriam
892 2163 1062 2230 servi
1095 2176 1163 2229 et
1193 2160 1461 2230 clientes
1472 2186 1686 2255 ‚quos
1719 2161 1850 2228 ab
1833 2163 1909 2229 iis
1937 2160 2210 2232 dilectos
2244 2189 2385 2233 esse

260 2264 603 2333 constabat
612 2268 844 2361 ‚justis
879 2254 1265 2337 funeribus⁸
1294 2267 1644 2355 confectiS,
1669 2292 1803 2335 una
1832 2268 2317 2338 cremabantur.

258 2458 365 2498 tem
393 2446 598 2517 phrasis
635 2468 736 2520 pro
773 2450 1082 2521 glossemate
1117 2449 1277 2503 habet
1373 2467 1471 2514 ιι,
1503 2459 1557 2502 et
1586 2447 1748 2502 hodie
1782 2447 1924 2521 apud
1951 2449 2243 2527 orientales
2273 2453 2385 2525 ple-

258 2526 301 2579 1.
339 2526 498 2581 C.11.
536 2527 603 2581 ab
631 2528 813 2584 Oberl.
835 2530 1061 2596 citatus,
1083 2543 1135 2583 et
1175 2548 1276 2603 pro
1364 2547 1575 2602 rosque.
1604 2528 1763 2602 Apud
1791 2530 2087 2597 Romanos,
2114 2550 2241 2585 vero
2266 2536 2386 2586 vitoe

260 2607 424 2660 otiosa
455 2609 787 2680 repetitione.
829 2611 948 2675 Qua
986 2610 1055 2663 de
1092 2629 1276 2676 causa,

262 2687 482 2740 nescio·
467 2728 482 2740 .
512 2706 634 2742 nam
661 2691 863 2743 cunctis
891 2691 947 2743 in
983 2690 1132 2744 MSS.
1177 2692 1280 2744 ins-

263 2767 500 2820 cribitur.

337 2847 466 2900 Cn.
493 2847 646 2900 XIX.
684 2864 727 2901 1.
778 2848 1001 2918 Quantas
1029 2852 1275 2919 pecunias.

262 2925 336 2979 Ea
348 2940 471 2980 sunt
486 2927 745 2998 ἀντίφιρνα
755 2966 772 2992 ,
789 2946 907 2999 (μω
919 2927 1168 2981 inducere
1189 2947 1280 2981 vo-

260 3005 413 3059 luisse
441 3005 657 3062 videtur
679 3008 1009 3060 lastinianus
1027 3047 1044 3074 ‚
1071 3007 1276 3074 Novell.

263 3103 404 3138 mvn
428 3104 441 3138 :
485 3087 693 3139 Tantam
722 3092 1035 3160 quantitatem
1072 3090 1278 3139 conscri-

263 3166 366 3217 bere
381 3169 540 3218 virum
560 3203 576 3232 ,
596 3179 821 3239 quantam
839 3179 892 3218 et
908 3168 1161 3231 mulier-em,
1177 3179 1282 3218 tan-

266 3256 359 3296 tum
397 3265 582 3319 quoque
630 3249 807 3299 lucrum
843 3248 1068 3318 stgvulari
1082 3283 1100 3311 ‚
1128 3258 1180 3297 et
1220 3266 1280 3297 ex

265 3336 611 3397 multat-toea:
620 3339 800 3400 quanta
811 3328 1068 3390 voluerint,
1083 3326 1281 3399 oequalis

265 3418 417 3456 men
432 3425 675 3459 mensum.
694 3405 870 3459 Hodie
889 3425 987 3460 nec
1000 3407 1089 3459 illa
1107 3423 1278 3477 aequa-

266 3485 339 3537 tio
364 3485 570 3555 gallica,
601 3505 773 3559 neque
812 3485 1030 3539 donatio
1061 3498 1281 3558 propter

259 3566 469 3635 nuptias
483 3565 661 3619 locum
674 3567 849 3630 haben
859 3565 951 3619 sed
964 3565 1282 3629 dotalitium,

1365 2615 1581 2682 necisque
1599 2613 1685 2681 jus
1712 2611 1912 2663 maritis
1930 2629 2039 2663 non
2064 2610 2387 2666 concedeba-

1365 2700 1455 2742 tur
1484 2692 1542 2742 in
1575 2709 1793 2754 uxores,
1823 2691 1926 2743 nisi
1952 2709 2117 2761 quum
2148 2711 2283 2745 uxor
2312 2712 2387 2746 es-

1365 2781 1444 2821 set
1467 2768 1523 2821 in
1555 2766 1929 2821 adulterio'aut
1958 2769 2015 2821 in
2040 2789 2139 2824 usu
2157 2772 2269 2825 vini
2299 2770 2389 2826 de·

1365 2849 1639 2919 prehensa.
1666 2846 1769 2899 Sed
1786 2885 1804 2912 ‚
1830 2859 1961 2901 teste
1992 2850 2214 2920 Dionys.
2234 2851 2352 2904 Hal.
2369 2889 2386 2917 ,

1367 2928 1409 2980 οἱ
1426 2931 1669 2998 συγγινιῖς
1699 2926 1829 2997 μετὰ
1852 2933 1937 2978 τοῦ
1955 2924 2125 2998 ἀνδρὸς
2144 2925 2389 2992 ἐδίκαζον.

1365 3005 1507 3059 vide
1533 3007 1702 3058 Tacit.
1734 3004 1923 3056 Annal.
1956 3005 1992 3057 l.
2023 3023 2149 3060 χιιι.

1448 3091 1501 3149 4.
1527 3085 1608 3136 De
1630 3085 1853 3136 uxoribus
1877 3088 1927 3134 in
1951 3085 2160 3136 servilem
2177 3086 2381 3141 modum.

1366 3163 1503 3217 Nam
1563 3162 1704 3237 apud
1760 3164 1973 3217 Graecos
2013 3176 2067 3216 et
2123 3166 2386 3219 Romano·

1365 3262 1476 3296 non
1506 3243 1576 3297 de
1602 3243 1810 3309 liberis,
1833 3240 1925 3297 sed
1939 3241 2007 3295 de
2024 3245 2185 3297 servis
2199 3264 2385 3298 verum
2440 3241 2447 3250 “

1369 3325 1645 3377 tormentis
1671 3323 2095 3397 expromebatpr.

1452 3405 1501 3457 5.
1532 3404 1594 3458 Si
1632 3414 1913 3475 conqaertum
1945 3415 2029 3456 est.
2064 3404 2199 3456 Eum
2231 3421 2383 3456 neca-

1367 3495 1481 3536 tum
1512 3484 1670 3537 fuisse
1701 3503 1794 3536 seu
1826 3484 1965 3536 ferro
1985 3520 2002 3548 ,
2042 3502 2133 3535 seu
2161 3501 2382 3536 veneno.

1450 3567 1502 3616 6.
1519 3565 1624 3616 Pro
1644 3564 1793 3617 cultu.
1809 3564 1933 3616 Non
1947 3563 2080 3618 male
2100 3564 2391 3633 conjiciunt

263 3656 322 3697 ut
346 3645 707 3715 jurisconsulti
740 3659 955 3710 vocant,
989 3647 1037 3698 le
1065 3646 1278 3698 douaire.
1359 3663 1455 3714 pro
1501 3655 1673 3715 captu,
1704 3641 1760 3695 id
1804 3656 1906 3708 est,
1937 3655 1995 3695 ut
2041 3643 2216 3695 ferunt
2260 3660 2386 3714 opes

264 3723 734 3876 GORAdewnpars
749 3808 989 3877 utriusque
1002 3806 1285 3871 cumsructi·

267 3882 364 3936 bus.
395 3883 548 3937 Idem
577 3883 740 3938 hodie
770 3884 913 3957 apud
951 3904 1049 3938 nos
1091 3885 1283 3937 Parisi-

267 3981 377 4016 nos.
411 3964 553 4017 Vide
584 3965 814 4018 Coutume
844 3965 904 4017 de
929 3966 1103 4027 Paris,
1136 3965 1195 4015 de
1234 3965 1285 4015 la

266 4048 604 4097 memautd.

346 4124 397 4177 3.
419 4124 533 4176 Vin·
550 4129 601 4175 in
618 4131 784 4176 uxores
797 4137 1078 4195 potestatem
1095 4123 1281 4175 habent.

269 4201 450 4266 Qualis
474 4203 620 4277 apud
647 4205 830 4258 Persas
857 4206 987 4260 olim
1009 4215 1136 4256 erat.
1157 4201 1280 4256 Vid.

269 4282 481 4342 Afinnt.
506 4284 805 4350 l-vn1‚ad
838 4284 1141 4338 Nicomach.
1170 4301 1283 4359 cap

1369 3723 1675 3788 Gallorum,
1707 3735 1768 3775 ut
1812 3741 1969 3794 supra
1998 3722 2034 3774 l.
2067 3739 2155 3788 tv,
2183 3740 2295 3794 cap.
2334 3721 2388 3775 3.

1369 3802 1551 3856 Nostri
1584 3800 1739 3855 codd.
1758 3822 1850 3873 pm
1875 3803 2020 3853 cultu.

1441 3882 1626 3954 7.Quoe
1638 3885 1761 3933 vivis
1771 3882 2062 3948 cordisuisse
2081 3881 2389 3935 arbitrantur.

1370 3962 1504 4015 Puta
1536 3973 1735 4026 vestes,
1767 3979 1957 4031 equ05‚
1995 3979 2147 4013 canes
2165 3998 2182 4026 ,
2213 3980 2357 4014 arma
2375 3998 2391 4027 ,

1370 4056 1469 4094 etc.
1504 4041 1589 4094 Sic
1613 4039 1750 4114 apud
1790 4040 2083 4092 Homerum
2113 4040 2170 4093 in
2208 4041 2395 4096 funere

1371 4122 1616 4174 Patrocli.
1650 4122 1772 4174 Mos
1806 4132 1980 4172 autem
2012 4132 2159 4173 vetus
2203 4119 2420 4174 urendi·

1372 4220 1594 4273 corpora
1621 4199 1789 4282 apud
1791 4201 1981 4254 multas
2000 4213 2194 4273 gentes.

1454 4284 1506 4337 8.
1537 4281 1693 4336 lastis
1727 4269 1994 4348 funeribus.
2032 4282 2179 4339 Dura
2212 4279 2394 4334 admo·

1909 4404 1935 4449 ¹
1956 4379 2027 4475 7
