3111 5147
687 522 827 567 xxu
1484 501 2006 572 EDITORIS

690 628 931 693 nullius
954 628 1228 693 omnino
1258 631 1575 694 momenti
1590 677 1611 712 ,
1639 646 1704 694 et
1726 651 1960 718 paucas
1983 626 2339 693 admodum
2354 628 2816 714 judicavimus,

689 754 833 820 quae
853 732 936 797 ad
958 755 1095 796 rem
1114 733 1431 815 facerent,
1451 756 1569 801 seu
1588 733 1938 798 verborum
1961 733 2180 797 crisim
2197 782 2214 808 ,
2238 755 2382 815 seu,
2404 733 2584 821 quod
2608 734 2815 799 multo

688 838 922 918 majuS‚
945 840 1225 905 auctoris
1249 857 1533 905 mentem
1557 839 1928 929 respexeris.
1953 839 2117 922 Quae
2135 861 2294 903 vero
2312 838 2813 927 praecedentium

685 945 1112 1033 interpretum
1149 945 1554 1034 sagacitatem
1605 946 2102 1011 sollicitaverant
2125 994 2143 1023 ‚
2181 945 2250 1009 in
2292 968 2526 1009 novam
2563 944 2816 1033 disqui-

686 1049 990 1114 sitionem
1020 1051 1423 1132 vocavimus;
1454 1067 1540 1134 et,
1568 1050 1622 1115 si
1646 1050 1811 1139 quid
1843 1050 1998 1115 inde
2027 1050 2187 1114 lucis
2223 1049 2305 1114 ad
2338 1049 2814 1140 explanandum

683 1154 1035 1242 aliquando
1070 1153 1496 1220 difficiliorem
1534 1154 1798 1231 sensum
1837 1172 2237 1246 erumperet,
2265 1157 2664 1245 suscepimus
2693 1182 2711 1239 3
2747 1173 2816 1221 et

683 1263 869 1348 quasi
906 1263 973 1325 in
1021 1262 1250 1326 fomite
1290 1262 1575 1350 quodam
1628 1265 1963 1352 rapuimus
1986 1314 2004 1341 ‚
2052 1265 2165 1352 qui
2208 1281 2422 1329 totum
2468 1264 2817 1330 illustraret

682 1366 924 1431 locum.
965 1367 1091 1432 Sed
1114 1385 1179 1432 et
1200 1368 1323 1432 illis
1352 1368 1617 1457 quidem
1654 1370 2041 1435 lectionibus
2071 1392 2204 1458 quo
2231 1368 2387 1433 fides
2423 1370 2660 1433 certior
2695 1370 2813 1432 ha·

684 1472 978 1555 beretur,
1002 1474 1435 1545 consulendos
1459 1476 1917 1565 appellavimus
1948 1475 2200 1542 codices
2222 1474 2387 1540 duos
2409 1498 2446 1538 e
2466 1475 2629 1539 Bibl.
2655 1477 2812 1565 Reg.

682 1577 915 1661 Paris,
953 1602 1237 1666 quorum
1273 1582 1433 1645 alter
1472 1582 1895 1663 Colbertinus,
1923 1580 2001 1645 n⁰
2043 1580 2243 1669 5763,
2267 1597 2542 1645 exeunte
2578 1581 2814 1645 saeculo

685 1707 894 1767 nono,
913 1685 1015 1750 vel
1036 1684 1291 1751 decimo
1315 1689 1539 1751 saltem
1565 1688 1863 1769 ineunte,
1888 1704 2182 1752 exaratus
2209 1713 2226 1770 ;
2256 1687 2595 1752 Thuaneus
2618 1687 2810 1769 alter,

687 1788 765 1854 n⁰
792 1788 995 1876 5764,
1019 1792 1372 1879 exscriptus
1410 1791 1535 1855 sub
1573 1791 1769 1856 finem
1795 1791 2082 1871 ejusdem
2103 1793 2334 1873 aetatiS,
2360 1794 2531 1856 fama
2555 1808 2811 1856 tantum
2859 1838 2864 1842 ·

685 1895 1159 1984 Oudendorpio
1203 1897 1599 1962 innotuerat.
1646 1896 1746 1961 Ad
1783 1898 2057 1961 istorum
2095 1895 2292 1960 fidem
2339 1897 2812 1978 revocavimus,

679 2001 704 2089 (
730 1999 929 2066 modo
965 2001 1440 2080 consentirent,
1482 2001 1662 2089 quod
1711 2024 1877 2089 saepe
1912 2001 2143 2089 soepius
2178 2000 2455 2088 accidit)
2490 1999 2814 2088 quidquid

682 2104 961 2169 dubium
1006 2123 1120 2170 aut
1155 2107 1474 2171 incertum
1535 2108 1976 2196 relinquerent
2034 2108 2278 2173 oollatae
2317 2108 2487 2173 inter
2523 2130 2592 2172 se
2626 2109 2815 2173 varim

681 2211 862 2275 MSS.
902 2212 1240 2295 lectiones,
1266 2214 1435 2279 salva
1471 2229 1687 2279 tamen
1718 2230 1931 2281 textus
1967 2213 2306 2302 religione,
2329 2213 2398 2276 in
2431 2235 2628 2300 quem
2663 2214 2814 2277 novi

682 2315 846 2380 nihil
883 2317 1160 2406 irrepere
1194 2318 1553 2400 voluimus,
1579 2320 1871 2406 quamvis
1901 2342 2046 2384 raro
2082 2319 2394 2400 evenerit,
2425 2334 2502 2382 ut
2531 2318 2815 2409 genuina

684 2422 902 2505 lectio,
927 2440 991 2487 et
1028 2425 1390 2488 Caesariano
1427 2425 1594 2512 stylo
1629 2425 1923 2513 propior,
1955 2448 2031 2489 ex
2068 2446 2142 2489 ca
2176 2425 2520 2490 collatione
2550 2440 2815 2512 repente

682 2527 982 2595 eluceret.
1020 2530 1098 2593 In
1138 2529 1308 2594 notis
1346 2553 1498 2595 vero
1535 2531 1977 2621 congessimus
2005 2529 2326 2619 quidquid
2348 2527 2432 2596 ad
2467 2529 2812 2596 firmandas

680 2635 1111 2718 conjecturaS,
1149 2637 1251 2699 vel
1286 2636 1577 2700 lectionis
1616 2636 2048 2701 sinceritatem
2096 2635 2618 2704 constituendam
2658 2659 2811 2723 pro-

682 2739 959 2806 babilius
995 2739 1356 2828 videbatur.
1381 2742 1559 2805 Nihil
1582 2740 1864 2828 denique
1902 2741 2162 2808 illorum
2198 2741 2566 2822 omisimus,
2595 2741 2809 2805 subsi-

680 2844 942 2909 diorum
974 2846 1136 2909 nihil
1158 2846 1586 2936 negleximus,
1602 2870 1745 2935 quoe
1766 2869 1884 2914 nos
1907 2846 1989 2910 ad
2015 2847 2563 2936 castigatissimam
2585 2868 2806 2910 emen-

681 2952 1010 3020 dationem
1026 2936 1291 3043 possent
1327 2956 1669 3024 adducere.
1694 2958 1922 3043 Itaque
1958 2956 2095 3022 haec
2118 2955 2348 3038 editio,
2388 2979 2510 3020 nec
2542 2954 2809 3022 Ouden-

682 3058 1022 3149 dorpiana,
1056 3085 1175 3126 nec
1210 3063 1588 3152 Bipontina3
1626 3062 1740 3128 sed
1781 3079 1916 3128 tota
1951 3079 2170 3128 nostra
2207 3079 2323 3129 est.

768 3165 978 3230 Textu
1008 3184 1328 3256 quantum
1353 3168 1536 3232 licuit
1571 3166 1944 3248 emendate,
1966 3166 2048 3230 ad
2072 3167 2668 3254 interpretationem
2695 3188 2805 3230 ve„

682 3273 938 3356 nimus3
976 3296 1121 3361 quse
1158 3273 1421 3362 quidem
1458 3275 1526 3337 in
1575 3274 1886 3361 scriptore
1938 3272 2235 3338 omnium
2273 3269 2662 3338 nitidissimo
2685 3320 2703 3353 ,
2733 3286 2808 3341 ,et

680 3387 793 3476 qui
828 3389 1120 3481 σαφηνείᾳ
1144 3402 1402 3475 praestat
1426 3385 1838 3475 potissimum
1860 3433 1878 3461 ‚
1908 3383 2216 3450 molestiae
2253 3383 2443 3464 nihil,
2473 3400 2538 3447 et
2574 3406 2812 3471 parum

679 3518 851 3565 certe
885 3501 1121 3566 laboris
1160 3499 1456 3578 habebat,
1495 3500 1710 3563 Pauca
1740 3497 1913 3561 enim
1926 3546 1946 3579 ,
1970 3512 2035 3561 et
2069 3497 2268 3585 longo
2303 3494 2569 3583 quidem
2601 3496 2803 3559 inter-

677 3609 843 3672 vallo
877 3606 1151 3671 discreta
1173 3621 1559 3686 occurrunt,
1584 3627 1729 3692 quae
1757 3603 2065 3667 lectorem
2097 3600 2481 3690 impediant,
2507 3618 2573 3664 et
2601 3602 2804 3664 inter-

677 3716 874 3805 pretis
910 3713 1305 3802 diligentiam
1345 3712 1753 3801 expostulent
1791 3734 1807 3775 ε
1848 3733 1921 3774 ea
1951 3726 2048 3773 est
2080 3709 2429 3773 verborum
2465 3707 2804 3771 concinni-

677 3838 772 3886 tas
794 3870 813 3904 ,
848 3837 913 3884 et
959 3818 1172 3884 lucida
1214 3820 1685 3886 sententiarum
1729 3817 2076 3883 connexio!
2116 3816 2239 3879 Vix
2273 3816 2474 3905 igitur
2509 3837 2583 3879 ea
2617 3813 2716 3879 de«
2735 3837 2806 3878 re

676 3925 1034 4015 quidquam
1071 3925 1444 3991 addendum
1482 3941 1812 4015 supererat
1846 3925 2017 3990 curis
2053 3922 2406 4013 prioribus,
2444 3944 2588 4009 quae
2621 3921 2805 3984 illus-

677 4032 984 4098 trandum
1006 4033 1313 4099 Caesarem
1327 4057 1365 4097 a
1387 4031 1645 4121 Gothos.
1659 4034 2126 4122 Iungennanno
2144 4078 2163 4113 ,
2188 4050 2363 4093 anno
2391 4027 2586 4107 1606,
2610 4026 2712 4113 (ut
2723 4025 2807 4093 de

678 4141 918 4210 caeteris
957 4163 1137 4209 nunc
1172 4157 1530 4228 taceamus,
1569 4161 1720 4210 nam
1756 4138 2015 4212 illorum
2054 4137 2321 4208 nomina
2357 4132 2573 4204 indice
2604 4154 2806 4225 pecu·
