3111 5147
722 466 816 555 54
1016 472 1091 538 C.
1146 468 1428 538 JULII
1483 466 1947 535 CAESARIS
2002 462 2547 534 COMMENT.

655 612 661 625 '
763 603 857 672 ari
900 600 1244 670 intervallo
1284 600 1737 669 constiterunt.
1781 597 2185 728 Ario3vistuS,
2214 621 2296 665 ex
2343 598 2528 693 equis
2579 611 2657 665 ut
2704 598 2840 667 col—

714 629 1161 803 {quei-entur,
1190 722 1256 776 et
1267 720 1546 801 ,praeter
1580 729 1680 791 se,
1709 687 1955 771 denos³
1985 717 2061 771 ut
2086 702 2170 771 ad
2202 700 2603 798 colloquium
2634 703 2842 773 addu-

715 830 978 902 cerent,
1005 813 1378 909 postulavit.
1424 812 1560 881 Ubi
1605 835 1684 879 eo
1727 824 1998 878 ventum
2041 822 2177 898 est,
2207 811 2429 878 Caesar
2463 811 2649 879 initio
2692 836 2841 881 ora·

713 924 939 1009 tionis,
975 945 1093 990 sua
1137 922 1542 1012 Senatusque
1593 918 1661 985 in
1705 941 1857 985 eum
1900 864 2217 984 beneficia
2259 920 2842 1007 commemoravit3

721 1057 757 1093 c<
808 1016 985 1121 quod
1021 1052 1135 1095 rex
1160 1024 1526 1145 appellatus.
1547 1008 1759 1092 esset⁴
1784 1047 1823 1090 a
1853 1024 2130 1109 Senam,
2152 1022 2331 1117 quod
2361 1026 2640 1112 amicus,
2659 973 2842 1121 quod

712 1158 989 1202 munera
1016 1132 1413 1228 amplissima
1441 1115 1674 1200 missa⁵
1696 1153 1932 1227 :quam
1958 1152 2100 1196 rem
2125 1140 2191 1197 et
2210 1130 2437 1223 paucis
2464 1131 2840 1224 contigisse,

713 1253 780 1308 et
818 1264 940 1333 pro
975 1243 1229 1333 magnis
1265 1240 1610 1307 hominum
1640 1237 1872 1307 officiis
1908 1260 2258 1305 consuesse
2293 1235 2491 1305 tribui
2526 1236 2836 1308 docebat:

708 1345 935 1433 illum,
980 1370 1184 1440 quum
1249 1368 1460 1440 neque
1521 1344 1770 1413 aditum
1796 1366 2071 1437 ,neque
2134 1364 2399 1412 causam
2461 1340 2838 1438 postulandi

704 1453 951 1544 justam
994 1451 1304 1540 haberet,
1334 1450 1655 1519 beneficio
1699 1475 1776 1518 ac
1831 1447 2216 1518 liberalitate
2264 1474 2383 1519 sua
2434 1473 2513 1519 ac
2555 1453 2838 1521 Senatus

709 1582 786 1625 ea
840 1561 1109 1652 praemia
1154 1572 1599 1627 consecutum.
1657 1556 1960 1624 Docebat
2005 1557 2202 1623 etiam
2222 1578 2467 1650 ,quam
2507 1542 2816 1627 veteres⁶
2816 1612 2835 1645 ,

709 1688 1039 1757 quamque
1074 1666 1267 1758 justae
1308 1686 1520 1732 causae
1563 1661 2054 1731 necessitudinis
2094 1664 2252 1755 ipsis
2294 1687 2447 1731 cum
2475 1663 2704 1732 AEduis
2746 1665 2834 1733 in·

706 1769 1151 1855 tercederent3
1174 1792 1319 1862 quae
1363 1771 1640 1837 Senatus
1682 1763 2016 1853 consulta,
2041 1769 2332 1861 quoties,
2359 1792 2686 1863 quamque
2723 1769 2834 1839 ho-

709 1862 1015 1962 norifica,
1037 1876 1104 1942 in
1130 1898 1242 1941 eos
1271 1873 1444 1942 facta
1465 1888 1717 1942 essent:
1747 1889 1823 1942 ut
1848 1875 2352 1968 omnitempore
2378 1877 2577 1944 totius
2601 1872 2834 1945 Galliae

708 1980 1151 2074 principatum
1179 1979 1373 2049 AEdui
1409 1981 1769 2051 tenuissent
1786 2034 1806 2067 ,
1833 1981 2014 2074 prius
2043 1982 2239 2048 etiam
2260 2033 2280 2067 ,
2302 2005 2500 2074 quam
2536 1997 2832 2051 nostram

709 2087 1061 2154 amicitiam
1103 2088 1546 2181 appetissent:
1590 2084 1818 2181 populi
1859 2088 2113 2155 romani
2156 2087 2330 2155 hanc
2372 2112 2511 2156 esse
2552 2110 2829 2158 consue-

707 2192 1042 2280 tudinem,
1078 2207 1155 2261 ut
1197 2194 1407 2262 socios
1447 2206 1644 2286 atque
1693 2194 1937 2261 amicos
1997 2217 2134 2260 non
2192 2192 2393 2261 modo
2453 2195 2553 2263 sui
2611 2194 2775 2263 nihil
2802 2193 2827 2235 ⁷

707 2298 1102 2393 deperdere,
1140 2299 1253 2368 sed
1315 2300 1563 2392 gratia,
1598 2298 1953 2392 dignitate,
1985 2298 2238 2368 honore
2289 2302 2612 2368 auctiores
2669 2298 2830 2369 velit

705 2428 894 2472 esse:
933 2403 1109 2523 quod
1150 2428 1310 2473 vero
1341 2404 1426 2472 ad
1461 2405 1813 2472 amicitiam
1845 2402 2073 2499 populi
2110 2406 2365 2473 romani
2398 2392 2828 2493 attulissent,

705 2510 831 2576 id
813 2510 889 2577 iis
932 2512 1129 2604 eripi,
1157 2513 1301 2605 quis
1344 2510 1478 2605 pati
1522 2507 1789 2605 posset?
1823 2525 1858 2561 ³³
1899 2509 2262 2580 Postulavit
2298 2511 2533 2581 deinde
2565 2512 2828 2600 eadem,

705 2639 849 2708 quae
891 2614 1117 2710 legatis
1171 2620 1240 2685 in
1297 2616 1622 2685 mandatis
1677 2615 1948 2685 dederat
1984 2629 2000 2672 Ξ
2047 2645 2081 2682 «
2107 2619 2212 2687 Ne
2254 2634 2366 2687 aut
2411 2618 2637 2690 AEduis
2657 2671 2678 2707 ,
2713 2633 2826 2689 aut

783 2848 836 2901 3.
868 2850 1049 2903 Denos.
1091 2850 1303 2904 Graecus
1345 2851 1604 2923 interpres
1648 2852 1721 2905 ait
1803 2857 1919 2923 scip:
1903 2872 2008 2904 tone
2021 2853 2243 2914 ebumeo,
2261 2865 2376 2923 toga
2384 2857 2532 2923 picta,
2548 2866 2598 2905 et
2602 2856 2823 2925 palmata

697 2923 813 2991 δύο,
839 2929 985 3000 quasi
1011 2930 1067 2983 h.
1095 2931 1131 2982 l.
1159 2931 1365 3001 legisset
1383 2931 1555 2983 binos
1540 2951 1596 2983 111
1622 2950 1716 2985 suo
1804 2936 1963 2983 tumea
2001 2933 2165 2986 donat.
2205 2934 2337 2985 Div.
2375 2965 2456 2975 -—
2492 2932 2820 3004 Amplissima.

696 3007 1013 3078 exemplari;
1047 3009 1159 3062 haec
1202 3011 1345 3063 enim
1390 3010 1462 3062 ita
1512 3011 1714 3064 vertit:
1804 3011 2057 3064 Nonnulli
2071 3011 2227 3066 codd.
2243 3013 2550 3084 amplissime,-
2563 3031 2674 3065 non
2688 3014 2824 3067 male

689 3076 763 3148 Ως
784 3088 1006 3151 βούλοιτο
1026 3090 1125 3141 ἀπὸ
1145 3096 1243 3142 τῶν
1261 3090 1424 3142 ἵππων
1453 3086 1571 3142 822).
1572 3092 1715 3163 έγισ-
1801 3107 2026 3162 quoque.

692 3170 800 3230 θαι,
832 3166 915 3219 καὶ
941 3169 1056 3237 πρὸς
1083 3188 1270 3228 του-τοις
1297 3164 1426 3220 860‘
1412 3172 1579 3230 ιππιῖς
1608 3175 1715 3240 μεθ’
1880 3173 1934 3222 6.
1955 3171 2115 3239 Quam
2144 3183 2339 3223 veteres.
2374 3168 2534 3222 AEdui
2565 3170 2820 3225 nimirum

692 3246 865 3297 ὕαυτοῦ
901 3244 1056 3315 ἄγιιν.
1086 3246 1208 3298 Non
1237 3246 1521 3299 verisimile
1550 3257 1644 3301 est.
1797 3249 1957 3319 primi
1989 3267 2018 3301 e
2044 3249 2208 3301 Gallis
2238 3250 2519 3302 amicitiam
2545 3269 2818 3304 romanam

775 3330 828 3387 4.
862 3325 1014 3393 Quod
1051 3344 1134 3375 rea:
1175 3327 1436 3396 appellatam
1467 3340 1598 3380 essee.
1632 3327 1712 3379 Ex
1797 3339 1922 3380 sunt
1944 3328 2183 3399 amplexi.
2207 3329 2658 3400 Strabo,Geogr.‚
2677 3331 2713 3382 l.
2741 3349 2817 3395 tv,

688 3402 798 3455 Tit.
817 3402 936 3456 Liv.
956 3404 1081 3456 Dec.
1098 3421 1175 3468 tv,
1195 3417 1397 3457 constat
1417 3407 1710 3472 neminem,
1838 3447 1850 3458 .
1893 3426 1913 3460 1
1927 3425 1995 3474 9²
2020 3424 2034 3459 ε
2053 3409 2115 3459 Οἱ
2137 3403 2195 3459 δὲ
2229 3404 2426 3461 Αἰδοῦοι
2456 3410 2539 3461 καὶ
2569 3415 2817 3480 συγγενεῖς

688 3481 791 3534 nisi
821 3482 1022 3554 optime
1052 3481 1119 3535 de
1140 3484 1270 3555 Rep.
1299 3486 1575 3549 meritum,
1602 3505 1631 3539 a
1655 3487 1706 3540 S.
1795 3425 2032 3557 Εωμοιίων
2057 3488 2385 3558 ὠνομάζοντο,
2406 3487 2489 3541 καὶ
2508 3496 2694 3559 πρῶτοι
2716 3498 2816 3543 τῶν

685 3561 747 3612 Ρ.
763 3561 831 3626 Q.
849 3563 913 3614 R.
944 3581 1120 3634 regem
1147 3575 1202 3616 et
1230 3563 1454 3618 amicum
1495 3566 1708 3636 apellari
1799 3566 1953 3634 ταύτῃ
1981 3572 2244 3637 “pomum
2277 3570 2392 3639 πρὸς
2422 3569 2511 3623 τὴν
2543 3569 2701 3638 φιλίαν
2731 3570 2817 3622 καὶ

682 3640 914 3694 solitum.
949 3642 1091 3696 Gon.
1795 3648 2102 3716 συμμαχίαν.
2139 3647 2263 3700 Tac.
2302 3646 2490 3700 Annal.
2523 3647 2560 3700 l.
2596 3666 2682 3713 ιι,
2707 3650 2814 3716 25,

767 3720 817 3773 5.
851 3721 1059 3773 Munera
1088 3723 1371 3793 amplissima
1402 3728 1560 3778 missa.
1595 3725 1704 3777 Ro·
1792 3723 1936 3777 idem
1968 3722 2035 3776 de
2066 3725 2131 3778 iis
2159 3726 2414 3798 loquitur.

680 3798 851 3853 manis
873 3800 929 3852 in
958 3821 1106 3856 more
1128 3804 1359 3875 positum
1387 3817 1528 3871 erat,
1554 3804 1628 3857 ita
1651 3823 1706 3858 se
1873 3823 1926 3874 7.
1964 3803 2058 3858 Sui
2096 3806 2230 3858 nihil.
2264 3806 2357 3858 Sui
2396 3804 2556 3877 juris,
2584 3807 2814 3859 auctori-

680 3894 862 3947 gerere
886 3897 1007 3953 erga
1036 3883 1153 3936 illos
1181 3902 1311 3954 quos
1341 3903 1525 3956 regum
1549 3884 1705 3937 titulo
1790 3884 2118 3956 tatis,opum
2134 3884 2395 3950 ,ditionis.
2418 3884 2587 3938 Gracc.
2614 3885 2812 3957 interp.

678 3972 947 4014 ornarant.
990 3962 1071 4015 Ita
1114 3963 1229 4016 Liv.
1281 3962 1441 4018 modo
1484 3965 1626 4018 citat.
1663 3963 1702 4017 l.
1788 3959 1948 4017 Οὐδὲν
1972 3968 2059 4025 τῆς
2078 3971 2209 4035 σφῶν
2237 3962 2548 4017 andedum.

675 4054 811 4103 xxx,
842 4058 887 4090 c.
921 4041 988 4093 15
1016 4060 1028 4093 :
1053 4042 1215 4112 Scipio
1244 4043 1574 4096 Masinissam
1595 4048 1701 4116 pri·
1869 4045 1922 4097 8.
1954 4043 2491 4115 Quod....attulzksent.
2514 4043 2636 4098 soil.
2660 4043 2808 4115 quod

677 4133 801 4166 mum
822 4136 977 4186 regem
999 4122 1283 4192 appellatum
1303 4122 1535 4185 laudibus,
1557 4143 1703 4175 aur-ea
1785 4122 2134 4194 possedissent
2148 4161 2164 4188 ,
2184 4135 2460 4194 antequam
2493 4121 2560 4176 ad
2588 4124 2810 4177 societa-

684 4213 886 4258 corona,
918 4216 1064 4250 aur-ea
1083 4212 1278 4270 parer-a,
1307 4202 1425 4253 sella
1451 4204 1624 4264 curuli,
1655 4214 1705 4252 et
1787 4214 1893 4256 tem
1911 4204 2092 4274 populi
2118 4204 2324 4256 romani
2355 4203 2700 4258 accessissent.
