3111 5147
699 519 846 601 224
1009 517 1086 584 C.
1142 514 1429 584 JULII
1501 511 1970 582 CAE-SARIS
2033 509 2591 579 COMMENT.

695 648 941 742 copiis,
974 646 1208 716 eodem
1252 646 1358 716 die
1393 645 1478 714 ad
1521 646 1913 714 Ciceronem
1951 644 2268 737 pervenit.
2313 643 2661 710 Institutas
2689 655 2824 711 tur-

694 780 839 840 res,
889 753 1280 839 testudines,
1326 752 1854 843 munitionesque
1890 750 2181 818 hostium
2222 747 2633 816 admiratur:
2676 773 2827 843 pro·

696 860 896 929 ducta
949 843 1246 954 legione³
1293 849 1676 976 cognoscit,
1730 880 1869 924 non
1923 855 2254 924 decimum
2306 879 2635 949 quemque
2691 879 2832 924 esse

696 965 997 1037 relictum
1052 965 1324 1036 militem
1385 965 1524 1032 sine
1574 961 1866 1058 vulnere.
1911 965 2014 1030 Ex
2066 962 2169 1030 his
2220 962 2528 1030 omnibus
2576 960 2832 1054 judicat

697 1073 895 1142 rebus
914 1127 934 1161 ,
972 1085 1220 1166 quanto
1263 1095 1417 1139 cum
1460 1066 1755 1164 periculo
1812 1083 1879 1137 et
1926 1070 2175 1162 quanta
2223 1092 2377 1136 cum
2427 1068 2675 1136 virtute
2703 1069 2832 1137 sint

699 1204 804 1250 res
846 1179 1314 1248 administratae
1342 1202 1357 1243 ι
1389 1178 1782 1246 Ciceronem
1809 1200 1934 1269 pro
1950 1175 2091 1268 ejus
2123 1175 2358 1243 merito
2375 1171 2829 1268 legionemque

701 1283 1032 1353 collaudat
1079 1309 1097 1352 ι
1164 1284 1580 1351 centuriones
1633 1280 2006 1375 singillatim
2062 1281 2492 1373 tribunosque
2548 1278 2827 1348 militum

700 1380 988 1486 appellat
1010 1444 1029 1477 ‚
1096 1413 1382 1483 quorum
1440 1389 1772 1483 egregiam
1826 1388 2024 1457 fuisse
2080 1389 2393 1456 virtutem
2454 1387 2829 1455 testimonio·

701 1498 1039 1567 Ciceronis
1063 1509 1484 1591 cognoverat.
1513 1497 1620 1564 De
1655 1518 1813 1563 casu
1853 1494 2076 1562 Sabini
2120 1507 2187 1561 et
2228 1495 2443 1561 Cottae
2472 1495 2718 1561 certius
2751 1517 2825 1560 ex

701 1605 978 1698 captivis
996 1604 1356 1711 cognoscit.
1375 1604 1651 1671 Postero
1692 1600 1835 1687 die,
1854 1602 2172 1669 concione
2214 1598 2474 1686 habita,
2512 1608 2653 1668 rem
2682 1623 2819 1692 ges-

701 1725 846 1778 tam
883 1704 1227 1804 proponit:
1272 1707 1509 1776 milites
1551 1705 1933 1775 consolatur
1973 1720 2041 1775 et
2075 1704 2469 1775 confirmat.
2509 1704 2689 1822 quod
2715 1705 2819 1774 de—

702 1818 1086 1885 trimentum
1137 1814 1333 1909 culpa
1377 1828 1445 1882 et
1491 1815 1859 1881 temeritate
1900 1795 2095 1907 legati
2140 1814 2223 1882 sit
2270 1826 2662 1906 acceptum,
2703 1812 2825 1880 hoc

704 1923 988 2014 aequiore
1029 1923 1251 1989 animo
1287 1901 1632 1988 selendum
1672 1919 1897 2006 docet,
1936 1919 2145 2013 quod,
2158 1918 2507 1987 beneficio
2554 1917 2826 1987 deorum

705 2024 1174 2095 immortalium
1207 2040 1274 2094 et
1298 2028 1542 2094 virtute
1571 2051 1801 2095 eorum
1838 2040 2099 2120 expiato
2130 2025 2550 2093 incommodo
2573 2048 2828 2156 ‚neque

704 2134 1004 2202 hostibus
1043 2133 1298 2203 diutina
1337 2120 1630 2202 loetatio⁴
1634 2186 1654 2220 ‚
1696 2157 1909 2226 neque
1953 2134 2107 2227 ipsis
2150 2129 2409 2226 longior
2449 2115 2691 2201 dolor⁵
2733 2155 2824 2200 re·

706 2238 1833 2334 linquatur..

811 2349 991 2416 LIII.
1034 2350 1309 2416 Interim
1350 2348 1438 2415 ad
1476 2348 1839 2415 Labienum
1880 2371 1997 2440 per
2038 2350 2285 2416 Remos
2327 2343 2687 2416 incredibili
2725 2368 2827 2412 ce·

705 2451 961 2521 leritate
1003 2452 1085 2521 de
1122 2455 1398 2522 victoria
1433 2455 1709 2524 Caesaris
1750 2453 1924 2522 fama
1968 2455 2327 2547 perfertur,
2358 2467 2466 2540 ut,
2501 2475 2703 2546 quum
2745 2436 2828 2518 ab

705 2559 999 2629 hibernis
1042 2561 1382 2629 Ciceronis
1425 2559 1683 2629 abesset
1721 2558 1921 2629 millia
1967 2586 2281 2656 passuum
2325 2562 2588 2629 circiter
2640 2556 2803 2628 LX¹
2810 2611 2829 2646 ‚

709 2739 963 2812 ludesque
978 2739 1246 2794 obeundas
1260 2779 1276 2806 ,
1299 2753 1352 2794 et
1369 2740 1546 2794 hostes
1566 2741 1623 2794 in
1646 2743 1730 2795 his

710 2832 832 2893 post
858 2822 1032 2892 fugam
1068 2818 1431 2886 absconditos,
1454 2833 1506 2873 et
1541 2835 1731 2874 natura

709 2902 949 2954 locorum
960 2912 1101 2954 tutos
1116 2919 1131 2955 ε
1145 2913 1399 2973 praterea
1412 2901 1732 2954 incolumem

711 2981 998 3034 exercitum
1017 2999 1194 3035 secum
1210 2982 1463 3048 habebat3
1480 2982 1657 3037 rivum
1679 2994 1733 3035 et

712 3061 902 3113 vallem
927 3061 1235 3127 transierat;
1257 3062 1398 3113 viam
1422 3060 1488 3113 ad
1516 3062 1730 3114 Cicero·

715 3141 795 3194 nis
814 3141 1036 3194 hiberna
1067 3142 1133 3195 ab
1162 3141 1403 3194 hostibus
1422 3154 1541 3193 ante
1561 3143 1734 3193 obses-

714 3239 826 3272 sam
853 3220 1133 3286 liberarat;
1157 3234 1215 3273 ut
1240 3218 1368 3291 quid
1401 3239 1525 3291 ergo
1549 3238 1732 3273 rursus

714 3300 982 3353 fortunam
1000 3300 1331 3352 tentavisset?
1344 3300 1480 3351 forte
1493 3318 1603 3351 non
1620 3301 1733 3352 sine

715 3396 905 3450 magno
950 3377 1297 3443 detrimento,
1336 3391 1391 3431 et
1428 3392 1570 3432 certe
1594 3422 1605 3430 .
1619 3381 1732 3431 sine

717 3459 824 3511 nlla
845 3459 1166 3513 necessitate.
1194 3458 1320 3510 Haec
1337 3471 1444 3521 est,
1463 3460 1521 3510 ni
1547 3459 1699 3511 fallor
1714 3496 1731 3525 ‚

716 3539 971 3593 sententia
1020 3557 1178 3608 quam
1216 3538 1510 3609 exprimere
1564 3539 1733 3591 voluit

717 3619 919 3684 Cam,
950 3618 1054 3671 hoc
1083 3619 1201 3669 Ioco
1235 3618 1554 3688 cettei-oquin
1586 3618 1738 3670 inu-i-

716 3711 861 3763 cato,
883 3709 937 3749 et
961 3717 990 3750 a
1014 3711 1260 3751 consueta
1285 3698 1557 3770 scriptoris
1583 3717 1731 3769 pers-

715 3777 969 3849 picuitate
989 3778 1177 3831 alieno.

802 3858 856 3911 3.
926 3857 1172 3910 Prodat-ta
1219 3858 1418 3929 legione.
1462 3855 1667 3911 Educta
1703 3877 1734 3911 e

719 3937 902 3990 castris
929 3950 984 3990 et
1009 3937 1063 3989 in
1087 3956 1333 4010 campum
1363 3936 1622 3991 ordinata.
1649 3976 1657 3986 .

711 4078 718 4082 ἢ
802 4022 856 4079 4.
882 4019 1104 4070 lutatio.
1119 4019 1242 4071 Vox
1256 4018 1370 4071 aliis
1393 4019 1596 4089 scriptt.
1613 4019 1735 4070 inu·

721 4095 872 4148 sitata
885 4133 902 4160 ‚
920 4115 1078 4167 quam
1097 4098 1363 4150 revocavit
1383 4096 1635 4151 Oudend.
1670 4117 1735 4150 ex

724 4172 883 4226 codd.
909 4177 1031 4227 suis.
1057 4176 1249 4229 Noster
1264 4179 1327 4228 R.
1349 4178 1732 4246 576331oetat10.

722 4252 869 4308 Alter
879 4256 1200 4344 veroloetitia.
1211 4257 1372 4312 Recte
1384 4255 1736 4329 etprudenter
1760 4288 1764 4292 Δ

1819 2742 1993 2796 Caesar
2014 2743 2071 2796 h.
2105 2744 2142 2797 l.
2168 2743 2472 2796 cohortatus
2495 2756 2577 2796 est
2599 2762 2721 2796 suos
2741 2741 2832 2794 mi·

1816 2822 1933 2876 lites
1963 2842 2026 2875 ex
2048 2836 2311 2894 praecepm
2336 2823 2578 2894 vegetii,
2605 2824 2642 2876 1.
2668 2838 2765 2888 ιιι,
2783 2840 2827 2874 c.

1822 2903 1929 2956 25:
1948 2902 2145 2972 Cogitet
2161 2898 2305 2965 (scil.
2327 2904 2463 2973 Imp.
2480 2900 2500 2963 )
2523 2915 2715 2955 eventus
2739 2922 2835 2954 om-

1816 2983 2229 3053 ηὰαηρνωίίοηιηι
2241 2988 2365 3034 inter
2383 2986 2525 3035 im'tia
2540 2994 2711 3035 eontra
2728 2972 2835 3034 illos

1818 3066 1971 3132 magis
1991 3064 2172 3130 ficisse,
2202 3062 2370 3135 quibus
2400 3066 2608 3113 victoria
2632 3063 2834 3114 debeha-

1822 3134 2561 3213 tur.Pli1'1.Panegyr.11ahee
2588 3143 2677 3192 has
2706 3147 2836 3193 vices

1818 3222 2025 3273 conditio
2048 3224 2343 3284 mortali,um
2366 3235 2421 3273 ut
2441 3222 2637 3273 adversa
2666 3242 2731 3271 es·
2758 3241 2835 3271 ,ι’-α

1816 3302 1982 3352 cunda}
1996 3340 2009 3363 ,
2033 3302 2237 3354 secunda
2252 3323 2314 3353 ez:
2332 3302 2534 3353 adversat:
2549 3312 2826 3353 nascantur.

1816 3379 2049 3450 Ideoque
2072 3379 2462 3455 recteThucyd.
2479 3381 2523 3443 1,
2549 3394 2570 3431 1
2586 3397 2658 3431 πο
2678 3381 2756 3444 εδ,
2772 3399 2831 3432 τι

1818 3463 1863 3512 ἐν
1905 3463 2105 3531 πολέμῳ
2149 3462 2348 3532 εὐτυχίᾳ
2394 3460 2663 3520 πλεονάζων
2692 3496 2708 3519 ,
2751 3463 2838 3513 οὐκ

1819 3540 2109 3610 imbuam
2125 3542 2289 3610 θράσει
2313 3541 2477 3611 &wig-‹3›
2502 3542 2834 3611 ἂπαιρόμενος.

1900 3620 1951 3671 5.
1980 3620 2145 3692 Neque
2175 3624 2290 3691 ipsis
2328 3621 2519 3690 longior
2555 3620 2713 3672 dolor.
2757 3621 2835 3672 Ita

1818 3698 1959 3751 Suet.
1991 3700 2048 3751 in
2080 3700 2210 3752 CaeS.
2237 3719 2282 3752 c.
2319 3702 2389 3770 67
2417 3718 2431 3753 :
2462 3700 2697 3770 diligebat
2718 3718 2833 3772 quo·

1818 3799 1906 3849 que
1914 3775 2147 3843 (milites)
2162 3792 2217 3831 ut
2226 3780 2393 3832 audita
2407 3780 2545 3831 clade
2564 3781 2830 3837 Titia-iana,

1818 3857 2012 3910 barbam
2058 3860 2369 3933 capillumque
2411 3863 2716 3919 summiserit,
2750 3876 2836 3910 nec

1820 3950 1932 3989 ante
1947 3939 2225 4010 dempseritss
2246 3947 2385 4012 quam
2393 3940 2691 3991 vindicasset
2700 3957 2718 3990 :
2733 3941 2839 4010 qui-

1822 4018 1905 4070 bus
1935 4019 2071 4071 rebus
2104 4033 2154 4070 et
2192 4020 2513 4073 devotissimos
2540 4019 2636 4070 sibi
2661 4030 2712 4069 et
2726 4020 2839 4085 sor*-

1822 4103 2023 4152 tissimos
2048 4099 2270 4152 reddidit.

1903 4181 2031 4232 Car.
2064 4180 2208 4232 LIII.
2249 4199 2297 4232 1.
2332 4179 2464 4231 Mill.
2490 4198 2626 4250 pass.
2656 4180 2845 4230 circita-

1821 4259 1942 4311 Lx.
1969 4261 2050 4315 Ita
2080 4258 2237 4315 codd.
2268 4272 2402 4335 optt.
2421 4273 2477 4313 et
2503 4256 2629 4313 edd.
2644 4271 2701 4312 et
2722 4257 2843 4312 Cel·
