3111 5147
537 587 677 656 DE
730 586 1081 656 BELLO
1135 588 1637 658 GALLICO.
1696 589 1885 658 LIB.
1941 592 2025 661 V.
2219 615 2371 688 ²²9

222 715 592 787 dimitteret
622 772 644 806 ,
700 719 1052 813 cog-itabat.
1124 722 1358 814 Itaque
1411 743 1453 789 a
1503 723 1927 817 Cingetorige
1983 737 2180 842 atque
2230 727 2370 816 ejus

223 825 625 919 propinquis
667 826 968 894 oratione
1013 825 1452 897 Indutiomari
1493 830 1796 922 cognita,
1841 854 2039 923 quam
2097 831 2165 898 in
2210 855 2369 899 con·

223 929 383 1000 cilio
450 931 819 1019 habuerat,
871 933 1178 1002 nuncios
1210 930 1459 1003 mittit²
1518 934 1606 1002 ad
1656 933 1966 1006 finitimas
2034 937 2329 1008 civitates
2347 991 2368 1026 ,

224 1038 614 1133 equitesque
650 1038 940 1134 undique
976 1023 1283 1109 evocat³=
1315 1040 1391 1109 iis
1427 1054 1685 1110 certum
1720 1040 1897 1112 diem
1931 1043 2369 1113 conveniendi

226 1141 408 1212 dicit.
452 1146 732 1214 Interim
775 1169 986 1239 prope
1028 1144 1322 1266 quotidie
1379 1170 1533 1216 cum
1590 1150 1777 1216 omni
1830 1149 2127 1242 equitatu
2160 1148 2363 1218 Indu·

227 1250 551 1320 tiomarus
589 1251 716 1321 sub
762 1253 995 1321 castris
1025 1251 1168 1345 ejus
1217 1250 1589 1347 vagabatur
1611 1308 1632 1342 ,
1675 1252 1833 1322 alias
1874 1268 1949 1323 ut
1989 1256 2185 1323 situm
2224 1279 2362 1326 cas·

229 1369 488 1426 trorum
517 1373 982 1454 cognosceret,
1001 1356 1159 1428 alias
1186 1356 1605 1471 colloquendi
1623 1373 1738 1428 aut
1767 1361 2106 1430 territandi
2126 1386 2360 1432 causa:

229 1465 480 1557 equites
516 1463 905 1560 plerumque
946 1488 1175 1536 omnes
1205 1462 1336 1534 tela
1382 1455 1557 1535 intra
1609 1464 1855 1534 vallum
1903 1467 2359 1559 conjiciebant.

231 1570 565 1640 Labienus
631 1596 786 1643 suos
835 1573 1011 1641 intra
1064 1572 1464 1642 munitiones
1518 1571 1929 1660 continebat,
1983 1574 2363 1669 timorisque

236 1664 655 1770 opinionem⁴
660 1732 679 1767 ,
714 1677 1238 1799 quibuscumque
1279 1692 1543 1773 poterat
1579 1679 1810 1765 rebus,
1845 1679 2145 1774 augebat.

337 1785 583 1854 LVIII.
623 1785 854 1875 Quum
882 1785 1133 1879 majore
1160 1788 1227 1854 in
1253 1785 1393 1854 dies
1428 1786 1928 1907 contemptione
1953 1785 2360 1855 Indutioma-

236 1910 350 1956 rus
392 1888 474 1958 ad
509 1905 724 1961 castra
756 1892 1128 1981 accederet,
1155 1906 1352 1962 nocte
1386 1917 1549 1981 una,
1576 1893 1964 1961 intromissis
1986 1890 2360 1986 ¹equitibus

238 1996 531 2064 omnium
577 1997 1003 2068 finitimarum
1057 2000 1398 2068 civitatum
1427 2052 1448 2088 ,
1487 2024 1654 2093 quos
1698 1998 2122 2068 arcessendos
2169 2024 2357 2070 cura·

237 2116 467 2189 verat,
506 2118 684 2174 tanta
721 2102 1058 2200 diligentia
1100 2129 1330 2175 omnes
1378 2129 1532 2174 suos
1576 2105 1889 2174 custodiis
1932 2106 2106 2174 intra
2143 2121 2359 2175 castra

237 2209 593 2297 continuit,
627 2226 704 2280 ut
741 2209 920 2280 nulla
964 2214 1219 2281 ratione
1244 2234 1322 2280 ea
1360 2234 1467 2281 res
1509 2213 1880 2299 enunciari,
1918 2226 2033 2282 aut
2072 2211 2156 2280 ad
2198 2214 2355 2281 Tre-

235 2314 409 2383 viros
454 2315 732 2412 perferri
763 2331 1001 2413 posset.
1039 2318 1316 2387 Interim
1360 2343 1441 2386 ex
1470 2316 1946 2387 consuetudine
1975 2316 2359 2411 quotidiana

232 2419 722 2494 Indutiomarus
749 2424 834 2493 ad
856 2439 1073 2494 castra
1085 2424 1371 2512 accedit,
1393 2437 1592 2517 atque
1634 2423 1722 2491 ibi
1760 2446 2068 2516 magnam
2097 2438 2354 2519 partem

238 2524 354 2597 diei
394 2532 766 2619 consumit3
788 2534 1038 2627 equites
1066 2527 1196 2600 teia
1232 2530 1628 2624 conjiciunt,
1655 2544 1723 2600 et
1755 2553 1995 2626 magna
2014 2555 2168 2601 cum
2197 2556 2355 2601 con-

235 2635 496 2707 tumelia
519 2635 543 2663 ²
579 2637 938 2708 verborum
973 2653 1237 2709 nostros
1266 2636 1350 2706 ad
1383 2660 1677 2733 pugnam
1711 2652 2011 2706 evocant.
2039 2636 2242 2708 Nullo
2272 2639 2357 2708 ab

237 2745 469 2814 nostris
511 2743 669 2815 dato
712 2769 1075 2841 responso,
1107 2746 1223 2815 ubi
1256 2745 1471 2814 visum
1507 2759 1608 2813 est
1626 2797 1645 2832 ,
1675 2744 1798 2814 sub
1837 2769 2187 2840 vesperum
2225 2745 2354 2815 dis·

236 2852 401 2941 persi
423 2875 506 2920 ac
537 2849 833 2947 dissipati
863 2851 1226 2921 discedunt.
1249 2851 1482 2920 Subito
1501 2849 1845 2919 Labienus
1874 2849 2129 2919 duabus
2136 2854 2356 2981 portis
2468 2926 2475 2935 ‚

233 2978 493 3026 omnem
483 2960 894 3096 equitatum
931 2959 1203 3046 emittit3
1237 2957 1537 3053 praecipit
1563 2970 1759 3075 atque
1794 2955 2125 3024 interdicit
2164 3010 2184 3044 ,
2211 2981 2357 3051 pro-

234 3051 509 3134 territis⁴
539 3064 840 3135 hostibus
879 3079 1076 3160 atque
1121 3066 1190 3133 in
1240 3062 1468 3158 fugam
1524 3061 1868 3153 conjectiS,
1897 3052 2116 3155 (quod
2178 3061 2354 3151 fore,

235 3169 396 3241 sicut
416 3170 686 3259 accidit,
709 3164 1033 3261 videbat),
1055 3194 1265 3239 unum
1281 3193 1511 3240 omnes
1525 3182 1756 3265 petant
1783 3166 2351 3271 Indutiomarum·
2333 3222 2354 3255 ,

311 3372 362 3407 π.
388 3354 610 3408 Num-ios
631 3359 792 3409 mittit.
815 3354 989 3409 Oxon.
1013 3352 1132 3411 cod.
1157 3357 1249 3407 ein-
1332 3353 1650 3417 tiomarum3
1686 3363 1740 3406 et
1783 3350 2046 3413 interdibit,
2088 3368 2194 3403 neu
2236 3350 2355 3421 quin

232 3437 508 3496 mittit,
541 3434 732 3489 omissa
752 3453 880 3489 voce
903 3438 1112 3487 nuncios.
1332 3451 1653 3505 quemquam
1666 3432 1817 3504 prius
1840 3432 2097 3483 vulneret.
2127 3430 2210 3482 Ita
2245 3429 2356 3483 sere

316 3512 370 3565 3.
396 3512 597 3568 Evocat.
618 3515 700 3568 Al.
728 3526 965 3570 convocat.
1333 3513 1738 3565 Moruszminus
1768 3524 1946 3564 autem
1969 3510 2139 3574 bene,
2168 3520 2355 3561 nonu-o

316 3598 370 3655 6.
411 3592 703 3666 Tun-orisque
732 3597 1073 3666 opinionum...
1104 3614 1252 3664 auge·
1328 3590 1559 3664 judicic,
1575 3590 1754 3644 addit:
1783 3616 1806 3638 ι
1828 3591 2067 3642 Fortunae
2079 3601 2253 3642 tamen
2275 3592 2355 3640 ia·

229 3670 329 3724 bat.
346 3670 518 3743 Supra
532 3710 548 3739 ,
561 3692 607 3726 e.
628 3681 700 3742 49
717 3710 735 3739 ,
759 3675 853 3727 ubi
867 3674 1040 3727 Cesar
1061 3672 1248 3727 eodem
1334 3672 1560 3724 ter-dicere
1571 3671 1791 3723 omnino
1801 3666 2356 3739 eetedicere‚pronun-

229 3762 590 3824 stratagemate
609 3771 735 3807 usus
756 3766 834 3807 ent
857 3751 1103 3808 adversus
1119 3753 1250 3807 Ner·
1332 3751 1490 3817 ciere,
1503 3751 1843 3822 interponere
1858 3766 2005 3801 suam
2021 3747 2352 3814 sententiam,

225 3830 353 3885 vion.
1329 3828 1551 3903 jubendi
1582 3826 2007 3905 prohibendique
2036 3844 2232 3879 caum.
2219 3844 2233 3857 ·
2251 3827 2352 3880 nl-

304 3912 435 3965 ΟΔ).
467 3912 670 3965 Lvm.
727 3930 775 3965 1.
805 3913 1111 3965 laer-ommis.
1144 3914 1246 3966 Re·
1333 3902 2352 3977 temtum-diceminjurenonnunqmm

225 3992 390 4062 ceptis
413 3992 472 4044 iu
503 4004 670 4045 cuti-a
700 3991 934 4045 Labieni.
961 3992 1036 4045 M.
1332 4003 1411 4044 est
1423 3987 1564 4043 idem
1577 3986 1723 4060 quod
1759 3987 1960 4038 edictam
1984 3985 2346 4058 simpliciter.-

305 4090 357 4123 2.
391 4071 585 4140 Magna
614 4090 720 4123 cnm
755 4071 1053 4124 comm-elia.
1083 4070 1250 4124 Vacat
1332 4071 1462 4124 Esto
1482 4071 1537 4121 in
1560 4071 1713 4139 jure.
1737 4078 1791 4119 at
1812 4063 1957 4138 apud
1980 4065 2375 4138 opaea-ipto-

221 4150 530 4221 prnpocitio
560 4170 695 4217 εισι,
719 4152 774 4204 in
805 4151 987 4205 multis
1009 4148 1166 4204 codd.
1332 4169 1417 4203 res
1443 4148 2013 4219 idemmepnoeoepm
2037 4163 2099 4199 ac
2127 4145 2379 4199 inm-‹fic-

307 4231 359 4283 3.
388 4232 625 4302 Praeeffiit
652 4243 795 4303 atque
823 4231 1077 4284 ίηωνάὶοἰι.
1106 4231 1247 4283 Prae-
1337 4243 1466 4293 tum,
1496 4227 1740 4282 inficias
1724 4244 1803 4279 ire
1833 4226 1993 4279 licet.

226 4311 370 4382 oepit,
388 4322 452 4364 ut
475 4326 648 4365 unum
673 4323 1068 4383 omnes-petant
1087 4308 1254 4362 Indu·
1418 4316 1470 4372 ις.
1521 4309 1812 4362 Proteo-rien.
1852 4305 1935 4359 Al.
1962 4309 2243 4378 peram-itis.
2281 4308 2352 4358 At

1854 4398 1980 4484 15³

2152 4570 2176 4623 Ι
