3111 5147
607 548 747 618 DE
799 553 1144 624 BELLO
1197 560 1685 633 GALLICO.
1744 567 1932 636 LIB.
1997 571 2172 640 VII.
2338 572 2488 668 293

356 690 602 769 patruo
646 706 767 751 suo
785 736 805 769 ‚
832 683 1222 783 reliquisque
1262 695 1670 788 principibus
1688 751 1708 783 ‚
1745 702 1859 794 qui
1897 701 2070 772 hanc
2109 703 2491 775 tentandam

359 780 700 856 fortunam
724 814 858 858 non
878 794 1334 866 existimabant
1349 852 1371 885 ‚
1386 799 1733 897 expellitur
1753 829 1834 873 ex
1857 809 2105 902 oppido
2125 811 2489 905 Gergovia:

359 913 499 957 non
534 890 783 964 destitit
819 910 1038 967 tamen
1063 899 1110 987 ⁷,
1148 916 1346 997 atque
1387 906 1457 973 in
1494 910 1670 1002 agris
1708 910 1909 981 habet
1944 912 2256 984 dilectum
2294 940 2489 1010 egen·

359 982 563 1063 tium⁸
588 1021 667 1068 ac
697 1001 1123 1095 perditorum.
1164 1011 1310 1078 Hac
1344 1026 1578 1082 coacta
1607 1039 1839 1104 manu,
1868 1042 2319 1116 quoscumque
2355 1022 2495 1091 adit

360 1124 446 1168 ex
501 1104 765 1180 civitate
783 1162 803 1195 ,
844 1109 928 1179 ad
980 1135 1167 1181 suam
1209 1119 1600 1186 sententiam
1651 1122 1993 1214 perducit:
2035 1126 2340 1196 hortatur
2360 1180 2380 1215 ,
2416 1141 2496 1196 ut

362 1213 736 1285 communis
769 1212 1087 1286 libertatis
1114 1242 1312 1289 causa
1340 1245 1526 1292 arma
1555 1229 1857 1321 capiant:
1884 1234 2269 1327 magnisque
2301 1257 2492 1303 coac·

362 1313 451 1382 tis
503 1318 705 1411 copiis
736 1373 757 1407 ,
806 1321 1215 1394 adversarios
1269 1352 1423 1397 suos
1447 1381 1467 1416 ‚
1515 1316 1577 1398 a*
1611 1333 1849 1425 quibus
1902 1337 2100 1430 paulo
2153 1354 2305 1408 ante
2352 1355 2496 1410 erat

364 1421 613 1525 ejectus
638 1476 658 1511 ‚
684 1426 951 1522 expellit
987 1454 1068 1498 ex
1107 1431 1370 1502 civitate
1388 1432 1431 1502 ⁹.
1467 1438 1612 1506 Rex
1651 1438 1735 1509 ab
1775 1442 1907 1511 suis
1946 1443 2356 1537 appellatur:
2396 1446 2492 1515 di-

363 1527 565 1635 mittit
621 1556 1118 1627 quoquoversus
1175 1537 1580 1641 legationesg
1636 1545 2003 1627 obtestatur
2032 1601 2052 1636 ‚
2108 1565 2185 1618 ut
2236 1553 2303 1619 in
2363 1550 2493 1635 fide

367 1651 694 1706 maneant.
737 1638 1056 1712 Celeriter
1100 1645 1221 1714 sibi
1270 1649 1562 1720 Senones
1582 1704 1603 1738 ,
1634 1652 1913 1723 Parisios
1932 1708 1953 1742 ‚
1984 1656 2290 1747 Pictones
2309 1710 2329 1743 ,
2365 1659 2492 1726 Ca-

364 1736 649 1831 durcos,
677 1747 975 1818 Turones
995 1802 1015 1837 ‚
1043 1749 1359 1824 Aulercos
1379 1808 1399 1841 ‚
1433 1758 1821 1833 Lemovices
1840 1813 1860 1846 ,
1891 1760 2111 1830 Andes
2132 1815 2151 1849 ‚
2180 1759 2494 1858 reliquos-

365 1869 495 1938 que
532 1874 800 1941 omnes,
832 1857 945 1949 qui
980 1857 1328 1929 Oceanum
1362 1863 1697 1956 attingunt
1717 1863 1788 1953 ¹⁰,
1826 1864 2165 1961 adjungit:
2197 1868 2497 1936 omnium

366 1975 691 2059 consensu
732 1958 816 2028 ad
859 1986 1011 2030 eum
1054 1963 1346 2035 defertur
1383 1968 1752 2063 imperium.
1796 1972 1951 2061 Qua
2003 1971 2228 2042 oblata
2277 1956 2495 2068 botes-

365 2071 504 2127 tate
523 2114 544 2148 ‚
572 2065 878 2136 onmibus
904 2067 1007 2137 his
1042 2070 1415 2143 civitatibus
1448 2074 1709 2145 obsides
1743 2079 2025 2172 imperat
2042 2132 2062 2167 ‚
2089 2094 2343 2148 certum
2372 2103 2493 2147 nu·
2590 2148 2597 2153 ,

366 2189 631 2235 merum
667 2170 946 2244 militum
967 2173 1010 2199 ¹¹
1044 2174 1128 2244 ad
1168 2201 1238 2247 se
1276 2176 1575 2249 celeriter
1613 2181 1850 2253 adduci
1880 2184 2072 2277 jubet
2100 2211 2115 2252 :
2159 2206 2495 2256 armorum

366 2288 690 2365 quantum
723 2304 999 2374 quaeque
1031 2284 1260 2353 civitas
1292 2283 1472 2354 domi
1491 2339 1513 2374 ,
1539 2287 1847 2382 quodque
1884 2304 2036 2358 ante
2063 2300 2324 2385 tempus
2353 2291 2494 2360 effi-

365 2378 502 2448 ciat
525 2433 545 2466 ‚
584 2386 962 2476 constituit3
1001 2391 1071 2459 in
1109 2391 1337 2483 primis
1380 2394 1699 2486 equitatui
1746 2393 2004 2464 studet:
2044 2420 2317 2465 summae
2353 2394 2468 2467 dili

364 2488 605 2580 gentiae
626 2515 951 2561 summam
988 2496 1244 2591 imperii
1273 2499 1686 2567 severitatem
1725 2500 1972 2569 addit¹²
2000 2528 2017 2569 :
2049 2502 2497 2598 magnitudine

368 2592 673 2690 supplicii
706 2598 1079 2670 dubitantes
1109 2604 1333 2698 cogit3
1362 2628 1548 2694 nam,
1568 2607 1817 2700 majore
1847 2611 2198 2682 commisso
2222 2609 2498 2706 delicto!

366 2687 506 2795 igni
555 2717 752 2798 atque
805 2706 1111 2777 omnibus
1171 2712 1515 2780 tormentis
1569 2727 1802 2800 necat3
1840 2711 2084 2785 leviore
2129 2715 2212 2785 de
2263 2739 2460 2787 causa
2477 2769 2505 2804 ,

369 2907 489 2975 rix)
513 2931 547 2962 a
578 2911 920 2977 Gobanitione,
946 2927 1129 2986 patruo
1156 2937 1242 2970 suo
1257 2957 1273 2981 ,
1298 2931 1388 2972 etc.
1475 2918 1640 2993 χώρας,
1656 2923 1815 2974 Πίσαν
1833 2923 2123 2992 nynia-ivm,
2140 2925 2205 2983 ὣς
2234 2926 2257 2976 ὁ
2285 2925 2503 2986 Ποιητῆς·

369 2992 624 3062 apellitur
648 3013 709 3045 ecc
737 2996 910 3064 oppido
942 2995 1202 3065 Gergovia.
1477 3000 1567 3057 τὴν
1589 2996 1806 3063 Aurem,
1828 3000 2064 3069 Μάκαρος
2086 3003 2244 3054 πόλιν.

453 3090 509 3141 7.
523 3072 641 3126 Non
651 3072 834 3125 destitit
844 3087 1016 3129 tamara.
1033 3076 1292 3129 Nonnulli
1307 3077 1392 3129 de-
1567 3096 1650 3131 10.
1673 3078 1774 3146 Qui
1800 3078 2044 3131 Oceanum
2066 3082 2325 3150 attingunt.
2359 3079 2496 3133 Sunt

369 3153 529 3216 sistit,
555 3164 621 3204 ut
647 3152 932 3206 concordet
948 3173 1070 3207 cnm
1092 3174 1222 3209 voce
1253 3157 1397 3208 habet
1479 3156 1766 3210 Armorica
1788 3157 2024 3211 civitates
2041 3195 2058 3223 ,
2089 3155 2157 3211 de
2186 3157 2380 3229 quibus
2408 3177 2496 3211 su·

373 3229 531 3284 infra.
563 3232 634 3284 At
673 3244 807 3303 optt.
839 3231 997 3286 codd.
1032 3235 1230 3287 destitit.
1269 3236 1393 3289 Non
1479 3255 1607 3309 pra,
1646 3236 1739 3289 lib.
1764 3254 1843 3303 ιι,
1879 3237 1983 3303 343
2008 3248 2061 3291 et
2088 3255 2160 3303 v,
2195 3238 2303 3303 53,
2341 3235 2494 3292 dixit.

375 3310 540 3374 male3
570 3328 695 3363 nam
726 3324 786 3364 ut
811 3312 888 3365 ait
916 3312 1159 3367 Oberlin.
1187 3312 1244 3366 id
1271 3316 1393 3368 ἀνα-
1568 3334 1592 3369 1
1609 3315 2105 3371 acea-mmmmm
2123 3318 2341 3370 milimm.
2363 3317 2502 3370 Stra·

375 3391 595 3443 κολουοον
626 3393 879 3462 temporis
903 3392 1159 3447 familiare
1193 3406 1393 3448 nostro.
1480 3396 1552 3448 bo
1567 3396 1730 3462 ,1.Π,
1748 3415 1804 3468 p,
1835 3399 2052 3466 191‚ait
2067 3397 2302 3454 noemin.
2321 3415 2387 3449 ex
2398 3399 2500 3449 Ar-

460 3470 516 3523 8.
549 3469 793 3522 Dilectum
824 3475 1076 3541 egentium.
1116 3472 1254 3527 Nam
1271 3512 1291 3540 ‚
1322 3474 1397 3527 eit
1481 3476 1658 3529 vernis
1674 3488 1895 3532 tantum.
1923 3476 2027 3530 Sed
2045 3477 2148 3531 hoc
2168 3477 2327 3548 plane
2338 3473 2500 3528 fidem

376 3546 585 3603 Sallust.
601 3549 1394 3626 Bestsugurth.86.110mznipo-
1481 3567 1698 3628 superat
1714 3592 1730 3620 ,
1772 3567 1826 3608 et
1871 3558 2020 3610 omni
2065 3556 2276 3610 Celtico
2315 3553 2502 3608 Gallio

378 3632 574 3684 tentiam
606 3636 836 3701 quoerenti
855 3636 1176 3700 egentissimus
1204 3637 1397 3706 quisque
1481 3632 1798 3687 tribuendus
1807 3648 1887 3688 est
1895 3653 2165 3690 numerus:
2179 3651 2303 3688 nam
2318 3651 2499 3688 omnen

375 3711 825 3778 opportunissimus,
854 3717 934 3763 cui
968 3731 1114 3784 neque
1132 3732 1221 3764 sua
1241 3732 1390 3774 σευ-ω,
1483 3713 1697 3766 Celtica
1736 3713 1975 3769 civitates
2010 3715 2165 3768 simul
2191 3715 2499 3783 conjurave-

377 3790 551 3859 quivpe
572 3808 682 3861 quoe
709 3790 844 3841 nulla
863 3804 1001 3855 sunt,
1034 3804 1085 3844 et
1109 3796 1270 3845 omnia
1292 3811 1396 3846 cum
1481 3805 1701 3855 rant,ut
1716 3791 1918 3846 dictum
1936 3805 2013 3847 est
2040 3812 2215 3864 supro.

371 3872 531 3937 pretio
560 3868 754 3921 honam
785 3871 1011 3924 videantur.
1568 3891 1652 3926 η.
1671 3871 2392 3942 Smnmoedilngoeneioesummm
2408 3874 2496 3923 im·

461 3966 515 4015 9.
549 3947 773 4018 Exponit
805 3970 865 4000 ex
893 3954 1100 4005 civitate.
1126 3949 1249 4004 Non
1279 3963 1393 4002 tan·
1474 3955 1603 4023 perii
1630 3956 1915 4004 seom’taum
1944 3951 2099 4003 addit.
2127 3952 2318 4015 Recte3
2343 3967 2494 4016 nam,

379 4037 496 4078 tum
515 4045 582 4079 ex
597 4028 730 4081 urbe
744 4066 760 4094 ,
775 4028 866 4082 sed
887 4042 942 4083 et
957 4048 1021 4084 ex
1039 4042 1147 4083 tota
1162 4030 1393 4100 regione.
1481 4043 1543 4084 ut
1553 4042 1733 4084 monet
1748 4030 1861 4083 Cic.
1874 4048 1897 4082 1
1911 4068 1928 4095 ,
1945 4027 2013 4082 de
2024 4029 2113 4083 Of.
2131 4032 2203 4083 88
2220 4029 2501 4100 :Reipubli-

377 4103 444 4157 In
465 4105 654 4160 eodem
671 4126 825 4161 sensu
846 4109 1018 4163 Groeci
1033 4110 1172 4163 πολιν
1190 4107 1392 4163 dicunt.
1481 4131 1551 4163 σω
1572 4129 1716 4162 causa
1749 4112 1970 4160 severitas
1999 4120 2074 4161 est
2091 4108 2385 4171 adhibenda,
2403 4112 2504 4163 eim

377 4184 595 4253 Strabo,
611 4186 804 4259 Geogr.
821 4189 859 4242 l.
875 4208 981 4242 vm
997 4227 1014 4256 ,
1033 4208 1088 4261 p.
1109 4188 1220 4243 356
1237 4186 1393 4254 ,edin
1483 4209 1578 4261 qua
1594 4189 1922 4243 adminowm
1940 4192 2106 4244 ciritae
2124 4189 2258 4241 nuuo
2275 4189 2505 4261 modopo-

375 4263 541 4320 Paria.
559 4269 850 4338 Στησίχορος
874 4264 935 4322 δὲ
959 4272 1098 4328 anni
1123 4270 1289 4329 πόλιν.
1305 4270 1392 4328 τὴν
1484 4282 1589 4323 test.
1619 4269 1871 4342 Temperi
1898 4281 2071 4325 tamen
2100 4267 2500 4328 considendum.

2117 4361 2142 4402 3

2009 4399 2098 4473 ¹9
