3111 5147
729 568 881 651 214
1055 564 1132 633 G.
1185 559 1469 632 JULII
1523 557 1987 630 CAESARIS
2041 557 2591 627 COMMENT.

722 712 914 767 erant
959 710 1185 784 teetae,
1224 694 1447 788 jacere
1495 705 1859 787 coeperunt.
1904 693 2025 768 Hae
2075 688 2432 762 celeriter
2414 713 2635 784 ignem
2673 711 2852 758 com·

721 750 1252 901 prehenderunt,
1271 816 1338 870 et
1377 801 1559 869 venti
1601 796 2105 893 magnitudine
2086 822 2155 865 ιιι
2187 820 2453 866 omnem
2482 810 2851 870 castrorum

721 910 943 980 locum
998 907 1416 979 distulerunt.
1486 909 1767 993 HosteS‚
1804 906 2092 976 maximo
2153 903 2443 973 clamore
2499 888 2852 992 insecuti⁵,

718 1019 903 1113 quasi
940 1031 1131 1113 parta
1158 1016 1297 1108 jam
1324 1027 1520 1108 atque
1557 1011 1895 1106 explorata
1930 1013 2246 1101 victoria,
2284 1025 2498 1079 turres
2525 1009 2849 1079 testitudi-

716 1149 964 1219 nesque
1019 1147 1251 1217 agere,
1295 1134 1363 1194 ct
1413 1117 1603 1190 scalis
1656 1118 1904 1190 vallum
1953 1117 2305 1200 ascendere
2354 1132 2720 1236 coeperunt.
2765 1119 2850 1185 At

715 1245 901 1299 tanta
942 1228 1222 1306 militum
1250 1229 1460 1296 virtus
1473 1240 1721 1321 ,atque
1770 1250 1845 1293 ea
1889 1227 2235 1320 praesentia
2275 1225 2478 1293 animi
2524 1223 2699 1310 fuit,
2734 1238 2847 1311 ut,

713 1361 920 1432 quum
953 1335 1245 1434 undique
1281 1335 1548 1404 flamma
1589 1347 1999 1402 torrerentur
2006 1386 2034 1422 ,
2092 1334 2506 1452 maximaque
2562 1328 2845 1399 telorum

711 1442 1130 1517 multitudine
1164 1455 1623 1537 premerentur
1640 1496 1661 1530 ,
1702 1464 1948 1535 suaque
1975 1440 2195 1512 omnia
2239 1437 2713 1533 impedimenta
2750 1451 2841 1506 at-

712 1574 842 1644 que
883 1573 1114 1619 omnes
1161 1549 1460 1617 fortunas
1503 1547 1915 1642 conflagrare
1955 1543 2432 1640 intelligerent,
2468 1569 2607 1612 non
2647 1542 2842 1612 modo

710 1655 1120 1751 demigrandi
1164 1639 1413 1724 causa⁶
1465 1654 1549 1723 de
1600 1652 1774 1722 vallo
1822 1651 2168 1722 decederet
2215 1676 2452 1738 nem0‚
2494 1649 2610 1719 sed
2653 1674 2843 1745 poene

708 1786 795 1831 ne
828 1764 1182 1857 respiceret
1199 1761 1223 1802 ⁷
1256 1760 1520 1857 quidem
1559 1762 1945 1855 quisquam;
1974 1783 2053 1832 ac
2086 1774 2229 1832 tum
2257 1783 2486 1828 omnes
2528 1759 2839 1827 acerrime

708 1868 1194 1962 fortissimeque
1235 1881 1627 1962 pugnarent.
1687 1869 1813 1935 Hic
1859 1866 1997 1934 dies
2054 1868 2295 1935 nostris
2350 1864 2547 1959 longe
2595 1866 2838 1959 gravis·

711 1975 913 2043 simus
957 1974 1124 2062 fuit;
1168 1974 1282 2042 sed
1331 1988 1553 2041 tamen
1596 1973 1775 2042 hunc
1818 1972 2053 2041 habuit
2094 1986 2452 2058 eventum,
2494 1985 2573 2040 ut
2617 1995 2701 2039 eo
2743 1971 2841 2039 die

708 2082 1033 2150 maximus
1073 2081 1366 2149 hostium
1411 2104 1724 2154 numerus
1765 2078 2228 2157 vulneraretur
2280 2093 2477 2174 atque
2517 2077 2839 2156 interfice·

705 2202 930 2274 retur;
967 2202 1041 2256 ut
1069 2212 1137 2256 se
1164 2188 1289 2257 sub
1331 2189 1476 2283 ipso
1516 2172 1735 2255 vallo⁸
1780 2188 2346 2281 constipaverant,
2384 2208 2840 2278 recessumque

705 2295 936 2389 primis
975 2292 1204 2363 ultimi
1272 2319 1408 2363 non
1469 2293 1735 2362 dabant.
1802 2291 2082 2362 Paulum
2150 2292 2414 2411 quidem
2476 2292 2839 2370 intermissa

702 2400 1005 2487 flamma,
1023 2415 1090 2470 et
1106 2400 1395 2494 quodam
1416 2397 1565 2469 loco
1590 2399 1755 2468 turri
1772 2399 2007 2469 adacta
2031 2413 2097 2468 et
2119 2399 2541 2494 contingente
2561 2395 2836 2485 vallum,

704 2510 913 2577 tertiae
962 2507 1255 2577 cohortis
1297 2507 1737 2576 Centuriones
1779 2531 1859 2575 ex
1902 2530 1985 2575 eo
2006 2560 2026 2595 ,
2054 2532 2188 2600 que
2216 2506 2517 2593 stabant,
2547 2502 2697 2573 loco
2736 2528 2834 2572 re-

706 2626 1080 2701 cesserunt,
1122 2637 1404 2707 suosque
1435 2638 1665 2682 omnes
1701 2628 2172 2700 removerunt3
2215 2626 2383 2683 nutu
2436 2612 2838 2706 vocibusque

703 2718 967 2807 hostes,
1002 2720 1055 2788 si
1081 2720 1352 2803 introire
1384 2716 1664 2807 vellent,
1687 2743 1929 2790 vocare
1962 2735 2336 2816 coeperunt,
2364 2742 2652 2815 quorum
2689 2743 2834 2814 pro·

625 2900 632 2907 sp
703 2825 890 2920 gredi
923 2849 1123 2895 ausus
1164 2841 1263 2895 est
1305 2851 1520 2895 nemo.
1564 2828 1736 2897 Tum
1771 2851 1852 2896 ex
1885 2829 2067 2895 omni
2108 2841 2295 2921 parte
2326 2825 2656 2921 lapidibus
2683 2849 2834 2896 con·

698 2931 890 3025 jectis
927 2932 1265 3002 deturbati
1282 2934 1655 3028 ,turrisque
1693 2957 2006 3002 succensa
2037 2932 2193 3002 θεῖς’.

808 3041 1055 3110 XLIV.
1112 3043 1324 3110 Erant
1356 3042 1424 3109 in
1448 3063 1527 3109 ea
1563 3038 1819 3135 legione
1849 3040 2187 3111 fortissimi
2212 3039 2338 3109 viri
2367 3041 2838 3127 Centuriones,

702 3258 897 3311 habere
917 3257 1099 3311 Gallos
1126 3256 1313 3311 domos
1334 3258 1531 3329 amplas
1557 3276 1588 3311 e
1608 3259 1729 3329 plu·
1816 3257 1967 3312 derio
1988 3270 2285 3312 commotus
2301 3274 2481 3311 earum
2500 3275 2681 3311 nerum
2706 3277 2837 3330 quat

701 3339 801 3390 teis
826 3350 880 3390 et
901 3338 1156 3403 cratibus,
1173 3336 1404 3390 rotunda
1431 3337 1604 3409 figura
1630 3350 1730 3391 tes-
1815 3350 1928 3391 erat
1947 3336 2272 3410 perditurus.
2299 3339 2410 3392 Jul.
2432 3337 2611 3399 Ochus
2639 3337 2697 3389 in
2722 3339 2836 3392 vita

702 3415 903 3470 tudinis
950 3416 1116 3471 instar
1137 3455 1155 3482 ‚
1198 3416 1478 3489 multiplici
1524 3418 1727 3471 calamo
1815 3417 2033 3472 Caesaris
2059 3416 2127 3470 de
2150 3418 2248 3471 hac
2262 3437 2321 3471 re
2332 3415 2694 3487 aicloquitur:
2714 3417 2839 3471 Cm

700 3507 879 3549 tectas.
1801 3499 2021 3565 fhrtunoe
2047 3516 2206 3549 eorum
2244 3497 2459 3550 incendio
2498 3515 2659 3548 omnes
2701 3498 2842 3550 absu-

785 3576 834 3630 5.
864 3576 1073 3629 Insecutc'
1083 3614 1099 3638 ‚
1140 3579 1278 3648 quasi
1305 3586 1456 3646 par-ta
1498 3578 1724 3632 victoria.
1813 3589 2077 3642 merentur,
2117 3596 2356 3647 nunquam
2399 3577 2575 3649 aliquis
2622 3577 2694 3629 ad
2733 3578 2839 3631 illas

698 3653 870 3709 codd.
888 3656 1131 3727 plerique
1144 3660 1350 3707 maxbno
1364 3655 1571 3707 clamore
1585 3660 1729 3710 sicuti
1813 3659 1998 3711 oculum
2031 3657 2305 3728 reflecteret.
2331 3659 2517 3711 Dans.

692 3747 842 3806 parea
870 3740 1095 3788 victoria.
1130 3736 1299 3789 Graec.
1328 3736 1586 3809 interpres
1604 3736 1725 3789 vul-
1893 3741 1946 3794 8.
1979 3737 2049 3789 Ut
2060 3756 2111 3787 se
2131 3737 2218 3789 suh
2232 3740 2334 3807 ᾁκο
2347 3737 2502 3789 mlle.
2517 3736 2836 3810 Quippequi

696 3829 800 3886 gat.
851 3816 1091 3886 sequitur
1124 3834 1138 3869 ε
1171 3822 1358 3888 κραυγῇ
1397 3817 1725 3875 inunmerabi-
1810 3818 1909 3870 sub
1947 3817 2065 3888 ipso
2103 3818 2242 3870 vallo
2279 3835 2336 3870 se
2380 3816 2835 3888 constipaverant,

699 3912 896 3955 σαντες.
924 3894 1058 3961 Cod.
1093 3910 1273 3951 noster
1294 3897 1443 3969 5764
1463 3912 1725 3969 cumgrae·
1810 3898 2313 3971 agglomerant-ant,
2356 3893 2588 3968 ideoque
2633 3897 2835 3963 ultimi,

696 3991 761 4026 co
792 3977 1069 4029 consentit.
1809 3988 1907 4031 etc.
1943 3978 2158 4031 Frustra
2181 3977 2451 4033 Hotmano
2475 3976 2649 4048 placet
2675 3982 2746 4029 ita
2769 3997 2836 4031 se.

780 4056 832 4106 6.
878 4055 995 4108 Non
1035 4056 1175 4109 modo
1216 4057 1544 4154 demigrandi
1558 4076 1718 4111 causa.
1891 4075 1945 4127 9.
1979 4059 2150 4111 Turris
2172 4076 2394 4123 succensa
2408 4069 2500 4111 est.
2522 4057 2717 4111 Turris
2730 4075 2839 4111 am-

697 4132 858 4186 necte
884 4153 1122 4205 grecus:
1150 4137 1238 4205 οὔχ
1261 4138 1392 4199 ὅπως
1417 4141 1569 4210 φυγῆς
1605 4140 1720 4209 ἔμε
1805 4134 2070 4191 bulatoria
2102 4138 2379 4192 Gallorum
2415 4135 2483 4189 ad
2511 4136 2711 4190 vallum
2744 4135 2836 4191 ad-

700 4211 902 4283 μνῆντο.
1806 4231 1980 4284 mota,
2003 4217 2211 4291 ignibus
2237 4237 2267 4270 a
2292 4217 2546 4271 Romanis
2566 4216 2844 4290 undequa-

779 4310 833 4359 7.
861 4291 964 4346 Sed
985 4313 1126 4364 μακε
1169 4314 1226 4346 ne
1268 4301 1528 4367 respui-eret.
1569 4296 1720 4350 Desi-
1807 4314 1911 4368 que
1940 4298 2192 4371 conjectis
2223 4316 2470 4352 succensa
2499 4308 2594 4351 eet.
