3111 5147
784 464 836 557 l,
1075 473 1152 543 C.
1206 472 1489 543 JULII
1543 473 2010 543 CAESARIS
2065 471 2613 542 COMMENT.

783 625 917 698 gua
950 601 1190 691 Celtae,
1230 619 1457 674 nostra
1495 602 1670 675 Galli
1717 602 2147 698 appellantur.
2198 605 2285 671 Hi
2336 626 2565 672 omnes
2602 598 2827 694 lingua
2854 597 2912 686 ²,

777 710 1122 797 institutiS,
1160 708 1412 804 legibus
1458 712 1632 779 inter
1677 735 1746 778 se
1792 709 2127 781 differunt.
2169 707 2397 779 Gallos
2435 709 2520 776 ab
2558 707 2913 801 Aquitanis

774 815 1122 885 Garumna
1166 816 1447 903 flumen,
1480 839 1522 885 a
1567 813 1783 910 Belgis
1837 818 2147 885 Matrona
2194 829 2261 883 et
2303 817 2607 909 Sequana
2647 811 2909 881 dividit.

772 920 1037 991 Horum
1082 924 1379 991 omnium
1424 922 1760 992 fortissimi
1803 937 1959 991 sunt
2006 906 2268 1015 Belgae³
2274 975 2293 1008 ,
2327 935 2678 1015 propterea
2718 918 2910 1013 quod

770 1049 814 1094 a
854 1026 1042 1096 cultu
1085 1042 1283 1122 atque
1337 1028 1746 1097 humanitate
1787 1029 2151 1097 Provinciae
2207 1026 2579 1121 longissime
2622 1026 2907 1113 absunt,

768 1130 1169 1229 minimeque
1206 1132 1290 1203 ad
1332 1158 1445 1204 eos
1487 1148 1885 1203 mercatores
1929 1159 2100 1253 saepe
2131 1147 2532 1219 commeant,
2555 1147 2750 1226 atque
2781 1154 2903 1219 ea,

764 1263 917 1357 quae
941 1239 1027 1307 ad
1067 1239 1543 1310 effeminandos
1575 1242 1828 1310 animos
1856 1241 2220 1335 pertinent,
2248 1242 2646 1333 important:
2682 1239 2904 1332 proxi-

768 1332 1038 1439 mique⁴
1072 1359 1229 1416 sunt
1256 1347 1638 1433 Germanis,
1664 1347 1776 1440 qui
1819 1361 2000 1416 trans
2044 1346 2354 1415 Rhenum
2390 1343 2721 1432 incolunt,
2756 1344 2901 1437 qui·

768 1448 1048 1521 buscum
1105 1454 1518 1521 continenter
1567 1450 1813 1521 bellum
1870 1467 2152 1546 gerunt.
2198 1475 2328 1546 qua
2369 1451 2452 1519 de
2496 1474 2692 1519 causa
2735 1449 2898 1518 Hel-

767 1542 983 1625 vetii⁵
1027 1582 1290 1651 quoque
1345 1556 1630 1652 reliquos
1682 1552 1907 1627 Gallos
1965 1560 2210 1627 virtute
2264 1556 2678 1652 praecedunt,
2710 1554 2894 1650 quod

764 1660 906 1730 fere
941 1663 1335 1757 quotidianis
1380 1662 1625 1758 proeliis
1654 1688 1806 1733 cum
1836 1663 2182 1733 Germanis
2220 1663 2655 1749 contendunt,
2681 1686 2891 1756 quum

759 1782 883 1837 aut
926 1770 1058 1837 suis
1101 1768 1344 1837 finibus
1378 1793 1491 1838 eos
1535 1769 1923 1863 prohibent,
1948 1785 2062 1839 aut
2095 1771 2220 1865 ipsi
2265 1772 2334 1839 in
2369 1793 2600 1838 eorum
2645 1768 2889 1838 finibus

756 1871 1009 1942 bellum
1053 1889 1308 1968 gerunt.
1347 1877 1602 1943 Eorum
1643 1900 1778 1944 una
1819 1860 2028 1970 pars⁶
2043 1929 2063 1964 ,
2087 1901 2286 1970 quam
2323 1872 2551 1946 Gallos
2587 1875 2890 1944 obtinere

765 1976 1016 2047 dictum
1057 1995 1190 2068 est,
1215 1982 1471 2050 initium
1509 1982 1687 2075 capit
1720 2005 1760 2049 a
1795 1981 2063 2051 flumine
2099 1981 2472 2068 Rhodano,
2511 1983 2888 2051 continetur

751 2084 1110 2154 *Garumna
1156 2086 1463 2176 flumine,
1501 2087 1827 2157 Oceano⁷
1833 2142 1852 2176 ,
1889 2087 2130 2157 finibus
2185 2086 2581 2183 Belgarum3
2622 2089 2886 2182 attingit

1858 2321 2018 2356 suum
2045 2303 2316 2376 ingenium
2329 2342 2348 2371 ‚
2376 2321 2603 2376 suosque
2624 2323 2797 2359 mores
2826 2319 2882 2359 et

1858 2381 2095 2453 linguam
2135 2382 2336 2437 diutius
2370 2385 2663 2437 retinuisse.
2709 2384 2879 2438 Porro

1860 2458 1929 2513 de
1947 2462 2144 2515 Celtica
2160 2462 2341 2534 lingua
2352 2481 2413 2516 ea
2433 2476 2555 2516 sunt
2574 2464 2880 2535 accipienda

752 2298 1017 2366 Romana,
1007 2323 1022 2337 ·
1050 2300 1195 2374 quod
1230 2314 1288 2356 et
1319 2300 1612 2374 agendum,
1643 2321 1776 2374 quo-

749 2382 860 2434 ⁴ties
893 2382 992 2435 tibi
1025 2393 1304 2435 occurrent
1337 2382 1559 2454 populi,
1587 2384 1776 2447 urbes,

748 2473 1001 2526 ·,montes
1044 2460 1226 2527 lacus,
1262 2460 1450 2527 fluvii,
1494 2474 1591 2514 etc.
1642 2480 1776 2554 quos

749 2538 1008 2613 deinceps
1033 2539 1168 2594 ordo
1197 2550 1251 2592 et
1276 2541 1436 2595 series
1459 2540 1775 2596 narrationis

758 2618 819 2672 in
850 2618 1085 2673 medium
1111 2620 1349 2674 afferent.

850 2718 903 2751 a.
952 2700 1030 2751 Hs
1077 2718 1233 2752 omnes
1284 2700 1465 2769 lingua.
1516 2699 1775 2752 Nonnulli

754 2773 922 2830 'hodie
945 2790 1177 2831 veterem
1202 2778 1478 2831 Gallorum
1501 2779 1738 2850 linguam
1752 2816 1771 2844 ,

751 2856 1011 2911 Celticam
1026 2857 1244 2929 proprie
1262 2855 1457 2911 dictam
1474 2896 1491 2924 ,
1506 2871 1560 2910 et
1585 2876 1616 2910 a
1630 2858 1771 2910 Teu·

756 2936 932 2992 tonica
954 2937 1119 2989 veteri
1142 2937 1362 2990 omnino
1377 2935 1655 3000 diversam,
1674 2955 1772 2991 nec

750 3015 1050 3088 itapenitus
1076 3017 1332 3070 interiisse
1349 3028 1565 3088 putant,
1580 3028 1640 3069 ut
1650 3035 1773 3070 con·

752 3106 861 3162 tra,
877 3115 993 3150 eam
1008 3097 1212 3150 caeteris
1234 3097 1482 3149 omnihus
1507 3095 1769 3167 priorem,

750 3187 807 3226 et
820 3177 1051 3246 ipsarum
1065 3186 1285 3228 matrem
1299 3187 1587 3228 autument.
1600 3174 1769 3246 Hujus

749 3265 930 3307 autem
967 3254 1185 3324 vestigia
1224 3253 1477 3325 repetisse
1510 3273 1569 3306 se
1602 3255 1768 3324 profl-

751 3341 933 3388 tentm·
959 3332 1017 3385 iu
1040 3330 1267 3386 dialecto
1301 3334 1460 3404 vulgo
1488 3331 1630 3387 dicta
1663 3334 1769 3386 bas-

751 3410 932 3465 breton.
970 3411 1133 3483 Cujus
1161 3412 1241 3464 rei
1273 3412 1438 3466 multa
1462 3412 1656 3483 passim
1681 3431 1768 3465 re·

750 3492 1023 3561 periciam
1043 3490 1278 3562 exempla
1292 3528 1308 3556 ‚
1325 3509 1440 3562 qum
1467 3492 1522 3544 in
1549 3492 1766 3562 hujusce

750 3571 924 3641 operis
950 3570 1216 3625 curriculo
1243 3569 1609 3627 indicabimus.
1624 3572 1765 3625 Bene

748 3662 923 3704 autem
949 3650 1122 3705 Cesar
1134 3648 1302 3716 dixit,
1322 3651 1377 3702 hi
1390 3670 1548 3704 omnes
1571 3652 1760 3719 lingua,

748 3730 975 3794 moribus,
1009 3743 1097 3784 etc.
1128 3731 1373 3798 deffwunt.
1413 3731 1550 3786 Nam
1582 3731 1766 3783 verisi-

745 3803 873 3862 mile
905 3820 1014 3876 est,
1038 3811 1328 3881 Aquitanos
1358 3808 1634 3877 videlicet,
1665 3809 1766 3863 lin-

745 3905 850 3958 gua
881 3901 935 3942 et
964 3890 1198 3944 moribus
1240 3888 1458 3962 propius
1497 3889 1764 3945 accessisse

745 3965 815 4019 ad
844 3968 1132 4040 Hispanos,
1161 3989 1387 4042 quorum
1416 3971 1651 4026 confines
1680 3988 1761 4023 es·

744 4058 886 4111 sent3
903 4060 957 4100 et
984 4050 1194 4119 Belgas,
1212 4051 1520 4122 plerumque
1547 4049 1763 4104 Germa·-

744 4125 829 4178 nis
858 4125 1150 4193 immixtos,
1179 4127 1323 4183 haud
1349 4149 1537 4201 parum
1576 4132 1643 4182 ab
1677 4129 1760 4182 his

742 4201 1087 4277 discoepasse3
1115 4207 1285 4260 Celtas
1316 4227 1471 4276 vem,
1501 4210 1594 4280 qui
1620 4209 1756 4261 inte-

740 4283 939 4340 riorem
971 4296 1178 4360 partem
1220 4286 1448 4358 regionis
1487 4299 1753 4354 tenen-ent,

1859 2558 1977 2611 quae
1991 2539 2231 2595 dicimus.
2241 2543 2522 2608 Caeterum,
2528 2561 2694 2615 quum
2707 2545 2877 2615 lingua

1854 2617 1987 2673 dicit
1998 2658 2015 2685 ‚
2028 2620 2272 2691 inteuigit
2287 2622 2423 2676 forte
2437 2624 2606 2677 varias
2625 2621 2876 2678 dialectos

1857 2698 2090 2770 ejusdem
2114 2700 2331 2772 lingua,
2355 2700 2600 2756 videlicet
2627 2703 2855 2757 Celtica.

1940 2779 1991 2831 3.
2023 2780 2298 2834 For-tissimi
2310 2793 2420 2832 sunt
2431 2782 2618 2852 Belga.
2637 2780 2721 2834 Ad
2733 2783 2872 2837 hane

1855 2874 2018 2927 porro
2059 2859 2370 2914 sententiam
2412 2861 2629 2914 Caesaris
2673 2860 2876 2915 accedit

1855 2935 2023 2989 Tacit.
2043 2936 2079 2989 l.
2107 2953 2164 2991 ιν
2184 2939 2370 2993 histor.
2392 2959 2437 2995 c.
2463 2943 2536 3010 76
2560 2941 2709 3010 Quod
2727 2942 2871 2993 robo-

1853 3019 1923 3067 ris
1946 3020 2032 3079 sit,
2056 3017 2266 3088 Belgas,
2295 3039 2524 3074 secum...
2537 3032 2680 3073 sau-e.

1934 3103 1987 3160 4.
2029 3097 2455 3171 Proximique.1ta
2475 3097 2631 3153 codd.
2655 3111 2710 3152 et
2737 3113 2867 3155 vett.

1851 3172 1975 3227 edd.
2008 3176 2147 3230 Male
2176 3177 2403 3249 Scaliger
2440 3178 2869 3250 conjunctionem

1851 3252 2008 3307 delet.
2024 3255 2103 3308 Ita
2116 3275 2327 3356 quoque
2338 3253 2545 3312 codices
2557 3259 2865 3328 RegioBib.

1852 3333 2127 3400 Parisinus,
2143 3326 2212 3388 n⁰
2240 3337 2419 3408 5763,
2439 3341 2539 3402 64,
2556 3338 2658 3402 65,
2680 3349 2734 3390 et
2755 3338 2864 3393 alii.

1935 3413 1985 3464 5.
2027 3414 2251 3470 Helvetii.
2299 3417 2367 3468 Et
2401 3416 2459 3467 hi
2503 3415 2641 3469 Galli
2679 3430 2865 3485 erantg

1849 3492 2048 3564 quippe
2093 3495 2224 3548 citra
2261 3495 2505 3548 Rhenum
2546 3494 2864 3552 habitantes.

1850 3570 2057 3625 Osann.
2094 3573 2249 3628 Nunc
2275 3593 2402 3628 vero
2428 3575 2593 3629 Gallis
2623 3593 2865 3629 accense-

1847 3651 2059 3716 bantur,
2093 3672 2237 3706 nunc
2269 3653 2572 3720 Germanis,
2601 3656 2693 3725 qni
2722 3654 2865 3712 hane

1846 3731 2113 3800 regionem
2151 3733 2378 3788 vicissim
2415 3733 2663 3790 invadere
2700 3752 2866 3788 cona-

1845 3809 2055 3863 bantur.

1928 3893 1980 3943 6.
2023 3890 2151 3943 Pars
2176 3913 2351 3946 eomm.
2371 3893 2435 3946 Id
2462 3906 2563 3960 est,
2581 3893 2858 3949 Gallorum

1844 3971 2131 4040 generatim
2178 3965 2442 4027 dictorum
2458 4009 2475 4037 ,
2520 3974 2629 4026 scil.
2676 3974 2861 4045 Belga-

1842 4067 1986 4115 rum,
2006 4051 2860 4124 Celtarum‚Aquitan01-um;pm

1843 4147 2001 4200 quam
2025 4129 2360 4201 peculiariter
2386 4130 2527 4183 Galli
2551 4134 2811 4186 tenebant.

1923 4229 1975 4279 7.
2023 4210 2250 4275 oceano,
2266 4209 2451 4279 finibus
2465 4210 2742 4281 Belgarum.
2772 4211 2862 4268 Ita

1840 4287 1996 4345 codd.
2016 4289 2218 4358 legunt·
2245 4289 2376 4357 Alii,
2395 4290 2856 4362 Οσιαηιιηιβηίὄαε,
