<?xml version="1.0" encoding="UTF-8"?>
<!DOCTYPE html PUBLIC "-//W3C//DTD XHTML 1.0 Transitional//EN"
    "http://www.w3.org/TR/xhtml1/DTD/xhtml1-transitional.dtd">
<html xmlns="http://www.w3.org/1999/xhtml" xml:lang="en" lang="en">
 <head>
  <title>
</title>
<meta http-equiv="Content-Type" content="text/html;charset=utf-8" />
  <meta name='ocr-system' content='tesseract 3.04.00' />
  <meta name='ocr-capabilities' content='ocr_page ocr_carea ocr_par ocr_line ocrx_word'/>
</head>
<body>
  <div class='ocr_page' id='page_1' title='image "./caesaradbodices00caesgoog_0209.png"; bbox 0 0 3111 5147; ppageno 0'>
   <div class='ocr_carea' id='block_1_1' title="bbox 477 581 2364 681">
    <p class='ocr_par' dir='ltr' id='par_1_1' title="bbox 477 581 2364 681">
     <span class='ocr_line' id='line_1_1' title="bbox 477 581 2364 681; baseline 0.002 -28"><span class='ocrx_word' id='word_1_1' title='bbox 477 581 483 586; x_wconf 70' lang='grc'><strong><em>’</em></strong></span> <span class='ocrx_word' id='word_1_2' title='bbox 550 584 689 653; x_wconf 88' lang='lat' dir='ltr'>DE</span> <span class='ocrx_word' id='word_1_3' title='bbox 732 581 1081 650; x_wconf 88' lang='lat' dir='ltr'>BELLO</span> <span class='ocrx_word' id='word_1_4' title='bbox 1135 581 1637 650; x_wconf 87' lang='lat' dir='ltr'>GALLICO.</span> <span class='ocrx_word' id='word_1_5' title='bbox 1683 583 1876 651; x_wconf 89' lang='lat' dir='ltr'>LIB.</span> <span class='ocrx_word' id='word_1_6' title='bbox 1935 583 2019 652; x_wconf 88' lang='lat' dir='ltr'>V.</span> <span class='ocrx_word' id='word_1_7' title='bbox 2224 584 2364 681; x_wconf 79' lang='lat'>175</span> 
     </span>
    </p>
   </div>
   <div class='ocr_carea' id='block_1_2' title="bbox 223 697 2387 2828">
    <p class='ocr_par' dir='ltr' id='par_1_2' title="bbox 223 697 2384 2085">
     <span class='ocr_line' id='line_1_2' title="bbox 223 697 2371 811; baseline 0.001 -27"><span class='ocrx_word' id='word_1_8' title='bbox 223 716 658 784; x_wconf 80' lang='lat' dir='ltr'>Trevirorum</span> <span class='ocrx_word' id='word_1_9' title='bbox 701 738 741 782; x_wconf 89' lang='lat' dir='ltr'>a</span> <span class='ocrx_word' id='word_1_10' title='bbox 777 712 1049 782; x_wconf 88' lang='lat' dir='ltr'>flumine</span> <span class='ocrx_word' id='word_1_11' title='bbox 1084 713 1324 782; x_wconf 81' lang='lat' dir='ltr'>Rheno</span> <span class='ocrx_word' id='word_1_12' title='bbox 1343 697 1366 737; x_wconf 83' lang='lat'>³</span> <span class='ocrx_word' id='word_1_13' title='bbox 1393 713 1480 782; x_wconf 87' lang='lat' dir='ltr'>ad</span> <span class='ocrx_word' id='word_1_14' title='bbox 1521 716 1781 783; x_wconf 88' lang='lat' dir='ltr'>initium</span> <span class='ocrx_word' id='word_1_15' title='bbox 1822 717 2185 784; x_wconf 84' lang='lat' dir='ltr'>Remorum</span> <span class='ocrx_word' id='word_1_16' title='bbox 2222 741 2371 811; x_wconf 89' lang='lat' dir='ltr'>per-</span> 
     </span>
     <span class='ocr_line' id='line_1_3' title="bbox 226 819 2380 915; baseline 0 -24"><span class='ocrx_word' id='word_1_17' title='bbox 226 823 398 891; x_wconf 84' lang='lat' dir='ltr'><strong>tinet</strong></span> <span class='ocrx_word' id='word_1_18' title='bbox 416 875 436 910; x_wconf 85' lang='lat'>,</span> <span class='ocrx_word' id='word_1_19' title='bbox 473 819 723 890; x_wconf 88' lang='lat' dir='ltr'>bellum</span> <span class='ocrx_word' id='word_1_20' title='bbox 763 844 1000 915; x_wconf 86' lang='lat' dir='ltr'>parare</span> <span class='ocrx_word' id='word_1_21' title='bbox 1041 821 1340 889; x_wconf 86' lang='lat' dir='ltr'>instituit.</span> <span class='ocrx_word' id='word_1_22' title='bbox 1386 819 1517 889; x_wconf 87' lang='lat' dir='ltr'>Sed</span> <span class='ocrx_word' id='word_1_23' title='bbox 1559 835 1790 915; x_wconf 91' lang='lat' dir='ltr'>postea</span> <span class='ocrx_word' id='word_1_24' title='bbox 1832 845 2033 915; x_wconf 89' lang='lat' dir='ltr'>quam</span> <span class='ocrx_word' id='word_1_25' title='bbox 2072 823 2380 892; x_wconf 87' lang='lat' dir='ltr'>nonnulli</span> 
     </span>
     <span class='ocr_line' id='line_1_4' title="bbox 228 915 2374 1024; baseline 0 -27"><span class='ocrx_word' id='word_1_26' title='bbox 228 929 568 1024; x_wconf 83' lang='lat' dir='ltr'>principes</span> <span class='ocrx_word' id='word_1_27' title='bbox 606 952 689 996; x_wconf 81' lang='lat' dir='ltr'>ex</span> <span class='ocrx_word' id='word_1_28' title='bbox 721 950 800 995; x_wconf 88' lang='lat' dir='ltr'>ea</span> <span class='ocrx_word' id='word_1_29' title='bbox 842 927 1108 996; x_wconf 82' lang='lat' dir='ltr'>civitate</span> <span class='ocrx_word' id='word_1_30' title='bbox 1131 980 1151 1015; x_wconf 89' lang='lat'>‚</span> <span class='ocrx_word' id='word_1_31' title='bbox 1178 940 1247 995; x_wconf 90' lang='lat' dir='ltr'>et</span> <span class='ocrx_word' id='word_1_32' title='bbox 1271 926 1712 996; x_wconf 81' lang='lat' dir='ltr'>familiaritate</span> <span class='ocrx_word' id='word_1_33' title='bbox 1730 915 1754 959; x_wconf 74' lang='lat'>‘¹</span> <span class='ocrx_word' id='word_1_34' title='bbox 1792 929 2233 1023; x_wconf 84' lang='lat' dir='ltr'>Cingetorigis</span> <span class='ocrx_word' id='word_1_35' title='bbox 2260 930 2374 998; x_wconf 86' lang='lat' dir='ltr'>ad-</span> 
     </span>
     <span class='ocr_line' id='line_1_5' title="bbox 231 1033 2375 1128; baseline 0.002 -27"><span class='ocrx_word' id='word_1_36' title='bbox 231 1034 450 1122; x_wconf 85' lang='lat' dir='ltr'>ducti,</span> <span class='ocrx_word' id='word_1_37' title='bbox 482 1049 552 1103; x_wconf 90' lang='lat' dir='ltr'>et</span> <span class='ocrx_word' id='word_1_38' title='bbox 580 1034 871 1103; x_wconf 84' lang='lat' dir='ltr'>adventu</span> <span class='ocrx_word' id='word_1_39' title='bbox 898 1036 1109 1104; x_wconf 88' lang='lat' dir='ltr'>nostri</span> <span class='ocrx_word' id='word_1_40' title='bbox 1143 1035 1470 1106; x_wconf 79' lang='lat' dir='ltr'>exercitus</span> <span class='ocrx_word' id='word_1_41' title='bbox 1509 1033 1839 1128; x_wconf 83' lang='lat' dir='ltr'>perterriti</span> <span class='ocrx_word' id='word_1_42' title='bbox 1861 1088 1881 1121; x_wconf 89' lang='lat'>,</span> <span class='ocrx_word' id='word_1_43' title='bbox 1916 1034 2003 1102; x_wconf 89' lang='lat' dir='ltr'>ad</span> <span class='ocrx_word' id='word_1_44' title='bbox 2044 1037 2375 1105; x_wconf 82' lang='lat' dir='ltr'>Caesarem</span> 
     </span>
     <span class='ocr_line' id='line_1_6' title="bbox 234 1140 2378 1236; baseline 0.002 -30"><span class='ocrx_word' id='word_1_45' title='bbox 234 1155 589 1228; x_wconf 84' lang='lat' dir='ltr'>venerunt,</span> <span class='ocrx_word' id='word_1_46' title='bbox 615 1154 684 1209; x_wconf 89' lang='lat' dir='ltr'>et</span> <span class='ocrx_word' id='word_1_47' title='bbox 707 1141 791 1209; x_wconf 90' lang='lat' dir='ltr'>de</span> <span class='ocrx_word' id='word_1_48' title='bbox 812 1141 946 1210; x_wconf 85' lang='lat' dir='ltr'>suis</span> <span class='ocrx_word' id='word_1_49' title='bbox 974 1141 1283 1235; x_wconf 82' lang='lat' dir='ltr'>privatim</span> <span class='ocrx_word' id='word_1_50' title='bbox 1303 1140 1499 1210; x_wconf 84' lang='lat' dir='ltr'>rebus</span> <span class='ocrx_word' id='word_1_51' title='bbox 1530 1140 1619 1209; x_wconf 78' lang='lat' dir='ltr'>ab</span> <span class='ocrx_word' id='word_1_52' title='bbox 1645 1165 1726 1209; x_wconf 86' lang='lat' dir='ltr'>eo</span> <span class='ocrx_word' id='word_1_53' title='bbox 1761 1154 1985 1235; x_wconf 88' lang='lat' dir='ltr'>petere</span> <span class='ocrx_word' id='word_1_54' title='bbox 2003 1157 2378 1236; x_wconf 72' lang='lat' dir='ltr'>coeperunt,</span> 
     </span>
     <span class='ocr_line' id='line_1_7' title="bbox 235 1232 2380 1341; baseline 0.001 -26"><span class='ocrx_word' id='word_1_55' title='bbox 235 1249 551 1341; x_wconf 88' lang='lat' dir='ltr'>quoniam</span> <span class='ocrx_word' id='word_1_56' title='bbox 594 1248 844 1315; x_wconf 86' lang='lat' dir='ltr'>civitati</span> <span class='ocrx_word' id='word_1_57' title='bbox 885 1245 1230 1316; x_wconf 84' lang='lat' dir='ltr'>consulere</span> <span class='ocrx_word' id='word_1_58' title='bbox 1272 1271 1408 1316; x_wconf 90' lang='lat' dir='ltr'>non</span> <span class='ocrx_word' id='word_1_59' title='bbox 1451 1262 1721 1341; x_wconf 79' lang='lat' dir='ltr'>possent</span> <span class='ocrx_word' id='word_1_60' title='bbox 1739 1232 1803 1314; x_wconf 84' lang='lat'>⁵:</span> <span class='ocrx_word' id='word_1_61' title='bbox 1846 1246 2340 1317; x_wconf 84' lang='lat' dir='ltr'>Indutiomarus</span> <span class='ocrx_word' id='word_1_62' title='bbox 2353 1234 2380 1272; x_wconf 77' lang='lat'>⁶</span> 
     </span>
     <span class='ocr_line' id='line_1_8' title="bbox 237 1352 2379 1447; baseline 0.001 -27"><span class='ocrx_word' id='word_1_63' title='bbox 237 1355 525 1442; x_wconf 80' lang='lat' dir='ltr'>veritus,</span> <span class='ocrx_word' id='word_1_64' title='bbox 571 1378 657 1421; x_wconf 90' lang='lat' dir='ltr'>ne</span> <span class='ocrx_word' id='word_1_65' title='bbox 691 1353 777 1421; x_wconf 86' lang='lat' dir='ltr'>ab</span> <span class='ocrx_word' id='word_1_66' title='bbox 812 1353 1120 1422; x_wconf 90' lang='lat' dir='ltr'>omnibus</span> <span class='ocrx_word' id='word_1_67' title='bbox 1154 1352 1568 1422; x_wconf 79' lang='lat' dir='ltr'>desereretur</span> <span class='ocrx_word' id='word_1_68' title='bbox 1585 1407 1607 1440; x_wconf 86' lang='lat'>‚</span> <span class='ocrx_word' id='word_1_69' title='bbox 1636 1352 1884 1447; x_wconf 87' lang='lat' dir='ltr'>legatos</span> <span class='ocrx_word' id='word_1_70' title='bbox 1922 1353 2007 1422; x_wconf 86' lang='lat' dir='ltr'>ad</span> <span class='ocrx_word' id='word_1_71' title='bbox 2050 1356 2379 1423; x_wconf 58' lang='lat' dir='ltr'>cessarem</span> 
     </span>
     <span class='ocr_line' id='line_1_9' title="bbox 239 1451 2381 1552; baseline 0 -24"><span class='ocrx_word' id='word_1_72' title='bbox 239 1461 486 1547; x_wconf 78' lang='lat' dir='ltr'>mittit3</span> <span class='ocrx_word' id='word_1_73' title='bbox 513 1483 658 1529; x_wconf 86' lang='lat' dir='ltr'>sese</span> <span class='ocrx_word' id='word_1_74' title='bbox 701 1451 949 1529; x_wconf 84' lang='lat' dir='ltr'>idcirco</span> <span class='ocrx_word' id='word_1_75' title='bbox 992 1458 1078 1527; x_wconf 89' lang='lat' dir='ltr'>ab</span> <span class='ocrx_word' id='word_1_76' title='bbox 1120 1461 1253 1528; x_wconf 86' lang='lat' dir='ltr'>suis</span> <span class='ocrx_word' id='word_1_77' title='bbox 1295 1458 1662 1546; x_wconf 87' lang='lat' dir='ltr'>discedere,</span> <span class='ocrx_word' id='word_1_78' title='bbox 1704 1474 1902 1552; x_wconf 89' lang='lat' dir='ltr'>atque</span> <span class='ocrx_word' id='word_1_79' title='bbox 1944 1460 2027 1528; x_wconf 89' lang='lat' dir='ltr'>ad</span> <span class='ocrx_word' id='word_1_80' title='bbox 2072 1485 2225 1529; x_wconf 90' lang='lat' dir='ltr'>eum</span> <span class='ocrx_word' id='word_1_81' title='bbox 2266 1486 2381 1530; x_wconf 84' lang='lat' dir='ltr'>ve·</span> 
     </span>
     <span class='ocr_line' id='line_1_10' title="bbox 243 1563 2382 1658; baseline 0.001 -24"><span class='ocrx_word' id='word_1_82' title='bbox 243 1567 382 1634; x_wconf 89' lang='lat' dir='ltr'>nire</span> <span class='ocrx_word' id='word_1_83' title='bbox 425 1564 717 1634; x_wconf 83' lang='lat' dir='ltr'>noluisse</span> <span class='ocrx_word' id='word_1_84' title='bbox 741 1617 761 1650; x_wconf 87' lang='lat'>‚</span> <span class='ocrx_word' id='word_1_85' title='bbox 788 1589 922 1658; x_wconf 92' lang='lat' dir='ltr'>quo</span> <span class='ocrx_word' id='word_1_86' title='bbox 953 1563 1204 1633; x_wconf 86' lang='lat' dir='ltr'>facilius</span> <span class='ocrx_word' id='word_1_87' title='bbox 1237 1565 1571 1634; x_wconf 87' lang='lat' dir='ltr'>civitatem</span> <span class='ocrx_word' id='word_1_88' title='bbox 1613 1566 1681 1632; x_wconf 89' lang='lat' dir='ltr'>in</span> <span class='ocrx_word' id='word_1_89' title='bbox 1722 1564 1945 1633; x_wconf 90' lang='lat' dir='ltr'>officio</span> <span class='ocrx_word' id='word_1_90' title='bbox 1983 1569 2382 1655; x_wconf 87' lang='lat' dir='ltr'>contineret,</span> 
     </span>
     <span class='ocr_line' id='line_1_11' title="bbox 244 1668 2380 1766; baseline 0 -26"><span class='ocrx_word' id='word_1_91' title='bbox 244 1697 323 1740; x_wconf 90' lang='lat' dir='ltr'>ne</span> <span class='ocrx_word' id='word_1_92' title='bbox 358 1673 580 1741; x_wconf 86' lang='lat' dir='ltr'>omnis</span> <span class='ocrx_word' id='word_1_93' title='bbox 617 1668 977 1740; x_wconf 79' lang='lat' dir='ltr'>nobilitatis</span> <span class='ocrx_word' id='word_1_94' title='bbox 1011 1670 1302 1740; x_wconf 82' lang='lat' dir='ltr'>discessu</span> <span class='ocrx_word' id='word_1_95' title='bbox 1346 1670 1530 1764; x_wconf 87' lang='lat' dir='ltr'>plebs</span> <span class='ocrx_word' id='word_1_96' title='bbox 1562 1686 1836 1766; x_wconf 85' lang='lat' dir='ltr'>propter</span> <span class='ocrx_word' id='word_1_97' title='bbox 1870 1671 2380 1766; x_wconf 82' lang='lat' dir='ltr'>imprudentiam</span> 
     </span>
     <span class='ocr_line' id='line_1_12' title="bbox 245 1776 2384 1872; baseline 0.001 -27"><span class='ocrx_word' id='word_1_98' title='bbox 245 1776 593 1847; x_wconf 86' lang='lat' dir='ltr'>laberetur.</span> <span class='ocrx_word' id='word_1_99' title='bbox 641 1779 874 1871; x_wconf 84' lang='lat' dir='ltr'>Itaque</span> <span class='ocrx_word' id='word_1_100' title='bbox 915 1801 1057 1847; x_wconf 83' lang='lat' dir='ltr'>esse</span> <span class='ocrx_word' id='word_1_101' title='bbox 1110 1778 1440 1846; x_wconf 84' lang='lat' dir='ltr'>civitatem</span> <span class='ocrx_word' id='word_1_102' title='bbox 1475 1779 1544 1845; x_wconf 91' lang='lat' dir='ltr'>in</span> <span class='ocrx_word' id='word_1_103' title='bbox 1587 1801 1706 1845; x_wconf 86' lang='lat' dir='ltr'>sua</span> <span class='ocrx_word' id='word_1_104' title='bbox 1742 1791 2063 1872; x_wconf 87' lang='lat' dir='ltr'>potestate</span> <span class='ocrx_word' id='word_1_105' title='bbox 2086 1831 2106 1866; x_wconf 89' lang='lat'>‚</span> <span class='ocrx_word' id='word_1_106' title='bbox 2141 1802 2340 1872; x_wconf 86' lang='lat' dir='ltr'>seque</span> <span class='ocrx_word' id='word_1_107' title='bbox 2364 1832 2384 1866; x_wconf 80' lang='lat'>‚</span> 
     </span>
     <span class='ocr_line' id='line_1_13' title="bbox 248 1882 2384 1980; baseline 0 -28"><span class='ocrx_word' id='word_1_108' title='bbox 248 1886 298 1952; x_wconf 91' lang='lat' dir='ltr'>si</span> <span class='ocrx_word' id='word_1_109' title='bbox 338 1887 561 1954; x_wconf 83' lang='lat' dir='ltr'>Caesar</span> <span class='ocrx_word' id='word_1_110' title='bbox 590 1886 1034 1980; x_wconf 86' lang='lat' dir='ltr'>permitteret,</span> <span class='ocrx_word' id='word_1_111' title='bbox 1070 1882 1152 1952; x_wconf 89' lang='lat' dir='ltr'>ad</span> <span class='ocrx_word' id='word_1_112' title='bbox 1183 1906 1334 1952; x_wconf 90' lang='lat' dir='ltr'>eum</span> <span class='ocrx_word' id='word_1_113' title='bbox 1371 1885 1438 1951; x_wconf 91' lang='lat' dir='ltr'>in</span> <span class='ocrx_word' id='word_1_114' title='bbox 1467 1897 1685 1953; x_wconf 85' lang='lat' dir='ltr'>castra</span> <span class='ocrx_word' id='word_1_115' title='bbox 1720 1898 2107 1971; x_wconf 83' lang='lat' dir='ltr'>venturum,</span> <span class='ocrx_word' id='word_1_116' title='bbox 2136 1898 2205 1952; x_wconf 91' lang='lat' dir='ltr'>et</span> <span class='ocrx_word' id='word_1_117' title='bbox 2232 1908 2384 1953; x_wconf 85' lang='lat' dir='ltr'>suas</span> 
     </span>
     <span class='ocr_line' id='line_1_14' title="bbox 250 1988 1958 2085; baseline 0.001 -28"><span class='ocrx_word' id='word_1_118' title='bbox 250 1990 657 2085; x_wconf 84' lang='lat' dir='ltr'>civitatisque</span> <span class='ocrx_word' id='word_1_119' title='bbox 700 1990 1000 2060; x_wconf 82' lang='lat' dir='ltr'>fortunas</span> <span class='ocrx_word' id='word_1_120' title='bbox 1041 1989 1182 2083; x_wconf 88' lang='lat' dir='ltr'>ejus</span> <span class='ocrx_word' id='word_1_121' title='bbox 1224 1988 1378 2057; x_wconf 87' lang='lat' dir='ltr'>fidei</span> <span class='ocrx_word' id='word_1_122' title='bbox 1419 1992 1892 2084; x_wconf 86' lang='lat' dir='ltr'>permissurum</span> <span class='ocrx_word' id='word_1_123' title='bbox 1913 1989 1958 2059; x_wconf 92' lang='lat'>⁷.</span> 
     </span>
    </p>

    <p class='ocr_par' dir='ltr' id='par_1_3' title="bbox 251 2095 2387 2828">
     <span class='ocr_line' id='line_1_15' title="bbox 357 2095 2382 2191; baseline 0 -27"><span class='ocrx_word' id='word_1_124' title='bbox 357 2098 478 2165; x_wconf 89' lang='lat' dir='ltr'>IV.</span> <span class='ocrx_word' id='word_1_125' title='bbox 521 2099 775 2185; x_wconf 62' lang='lat' dir='ltr'>Caesar,</span> <span class='ocrx_word' id='word_1_126' title='bbox 818 2098 941 2167; x_wconf 90' lang='lat' dir='ltr'>etsi</span> <span class='ocrx_word' id='word_1_127' title='bbox 973 2095 1378 2190; x_wconf 85' lang='lat' dir='ltr'>intelligebat</span> <span class='ocrx_word' id='word_1_128' title='bbox 1420 2121 1551 2191; x_wconf 89' lang='lat' dir='ltr'>qua</span> <span class='ocrx_word' id='word_1_129' title='bbox 1591 2096 1674 2165; x_wconf 89' lang='lat' dir='ltr'>de</span> <span class='ocrx_word' id='word_1_130' title='bbox 1718 2121 1917 2165; x_wconf 89' lang='lat' dir='ltr'>causa</span> <span class='ocrx_word' id='word_1_131' title='bbox 1971 2120 2050 2165; x_wconf 89' lang='lat' dir='ltr'>ea</span> <span class='ocrx_word' id='word_1_132' title='bbox 2089 2096 2382 2165; x_wconf 88' lang='lat' dir='ltr'>diceren-</span> 
     </span>
     <span class='ocr_line' id='line_1_16' title="bbox 252 2201 2383 2297; baseline 0 -27"><span class='ocrx_word' id='word_1_133' title='bbox 252 2216 397 2290; x_wconf 84' lang='lat' dir='ltr'>tur,</span> <span class='ocrx_word' id='word_1_134' title='bbox 440 2227 708 2297; x_wconf 65' lang='lat' dir='ltr'>quaeque</span> <span class='ocrx_word' id='word_1_135' title='bbox 742 2227 895 2272; x_wconf 88' lang='lat' dir='ltr'>eum</span> <span class='ocrx_word' id='word_1_136' title='bbox 934 2227 1037 2272; x_wconf 84' lang='lat' dir='ltr'>res</span> <span class='ocrx_word' id='word_1_137' title='bbox 1067 2202 1153 2270; x_wconf 88' lang='lat' dir='ltr'>ab</span> <span class='ocrx_word' id='word_1_138' title='bbox 1200 2203 1501 2270; x_wconf 90' lang='lat' dir='ltr'>instituto</span> <span class='ocrx_word' id='word_1_139' title='bbox 1538 2201 1812 2271; x_wconf 85' lang='lat' dir='ltr'>consilio</span> <span class='ocrx_word' id='word_1_140' title='bbox 1854 2202 2246 2292; x_wconf 90' lang='lat' dir='ltr'>deterreret,</span> <span class='ocrx_word' id='word_1_141' title='bbox 2286 2218 2383 2271; x_wconf 89' lang='lat' dir='ltr'>ta-</span> 
     </span>
     <span class='ocr_line' id='line_1_17' title="bbox 251 2305 2384 2402; baseline 0 -26"><span class='ocrx_word' id='word_1_142' title='bbox 251 2333 442 2397; x_wconf 86' lang='lat' dir='ltr'>men,</span> <span class='ocrx_word' id='word_1_143' title='bbox 477 2334 561 2377; x_wconf 90' lang='lat' dir='ltr'>ne</span> <span class='ocrx_word' id='word_1_144' title='bbox 601 2324 896 2378; x_wconf 84' lang='lat' dir='ltr'>aestatem</span> <span class='ocrx_word' id='word_1_145' title='bbox 942 2310 1010 2377; x_wconf 92' lang='lat' dir='ltr'>in</span> <span class='ocrx_word' id='word_1_146' title='bbox 1045 2310 1331 2377; x_wconf 82' lang='lat' dir='ltr'>Treviris</span> <span class='ocrx_word' id='word_1_147' title='bbox 1376 2305 1765 2377; x_wconf 83' lang='lat' dir='ltr'>consumere</span> <span class='ocrx_word' id='word_1_148' title='bbox 1816 2322 2197 2402; x_wconf 85' lang='lat' dir='ltr'>cogeretur,</span> <span class='ocrx_word' id='word_1_149' title='bbox 2242 2332 2384 2377; x_wconf 89' lang='lat' dir='ltr'>om·</span> 
     </span>
     <span class='ocr_line' id='line_1_18' title="bbox 253 2412 2384 2509; baseline -0.001 -25"><span class='ocrx_word' id='word_1_150' title='bbox 253 2414 442 2484; x_wconf 87' lang='lat' dir='ltr'>nibus</span> <span class='ocrx_word' id='word_1_151' title='bbox 491 2415 577 2483; x_wconf 88' lang='lat' dir='ltr'>ad</span> <span class='ocrx_word' id='word_1_152' title='bbox 631 2416 1085 2486; x_wconf 87' lang='lat' dir='ltr'>Britannicum</span> <span class='ocrx_word' id='word_1_153' title='bbox 1139 2412 1384 2483; x_wconf 91' lang='lat' dir='ltr'>bellum</span> <span class='ocrx_word' id='word_1_154' title='bbox 1442 2413 1639 2483; x_wconf 92' lang='lat' dir='ltr'>rebus</span> <span class='ocrx_word' id='word_1_155' title='bbox 1693 2415 2089 2509; x_wconf 87' lang='lat' dir='ltr'>comparatis</span> <span class='ocrx_word' id='word_1_156' title='bbox 2109 2467 2129 2502; x_wconf 89' lang='lat'>‚</span> <span class='ocrx_word' id='word_1_157' title='bbox 2182 2414 2384 2483; x_wconf 90' lang='lat' dir='ltr'>Indu·</span> 
     </span>
     <span class='ocr_line' id='line_1_19' title="bbox 254 2519 2384 2615; baseline 0 -25"><span class='ocrx_word' id='word_1_158' title='bbox 254 2523 605 2592; x_wconf 88' lang='lat' dir='ltr'>tiomarum</span> <span class='ocrx_word' id='word_1_159' title='bbox 662 2523 748 2593; x_wconf 88' lang='lat' dir='ltr'>ad</span> <span class='ocrx_word' id='word_1_160' title='bbox 809 2547 879 2593; x_wconf 90' lang='lat' dir='ltr'>se</span> <span class='ocrx_word' id='word_1_161' title='bbox 930 2547 1083 2592; x_wconf 89' lang='lat' dir='ltr'>cum</span> <span class='ocrx_word' id='word_1_162' title='bbox 1145 2520 1444 2591; x_wconf 90' lang='lat' dir='ltr'>ducentis</span> <span class='ocrx_word' id='word_1_163' title='bbox 1505 2520 1841 2592; x_wconf 85' lang='lat' dir='ltr'>obsidibus</span> <span class='ocrx_word' id='word_1_164' title='bbox 1894 2522 2119 2590; x_wconf 84' lang='lat' dir='ltr'>venire</span> <span class='ocrx_word' id='word_1_165' title='bbox 2173 2519 2384 2615; x_wconf 86' lang='lat' dir='ltr'>jussit.</span> 
     </span>
     <span class='ocr_line' id='line_1_20' title="bbox 255 2627 2387 2723; baseline -0 -26"><span class='ocrx_word' id='word_1_166' title='bbox 255 2630 367 2697; x_wconf 85' lang='lat' dir='ltr'>His</span> <span class='ocrx_word' id='word_1_167' title='bbox 413 2628 717 2698; x_wconf 88' lang='lat' dir='ltr'>adductis</span> <span class='ocrx_word' id='word_1_168' title='bbox 742 2683 762 2718; x_wconf 88' lang='lat'>‚</span> <span class='ocrx_word' id='word_1_169' title='bbox 797 2631 865 2697; x_wconf 90' lang='lat' dir='ltr'>in</span> <span class='ocrx_word' id='word_1_170' title='bbox 921 2631 999 2698; x_wconf 86' lang='lat' dir='ltr'>iis</span> <span class='ocrx_word' id='word_1_171' title='bbox 1045 2627 1180 2697; x_wconf 86' lang='lat' dir='ltr'>filio</span> <span class='ocrx_word' id='word_1_172' title='bbox 1199 2628 1242 2717; x_wconf 85' lang='lat'>¹,</span> <span class='ocrx_word' id='word_1_173' title='bbox 1286 2629 1801 2723; x_wconf 88' lang='lat' dir='ltr'>propinquisque</span> <span class='ocrx_word' id='word_1_174' title='bbox 1848 2629 1988 2722; x_wconf 89' lang='lat' dir='ltr'>ejus</span> <span class='ocrx_word' id='word_1_175' title='bbox 2038 2628 2344 2697; x_wconf 88' lang='lat' dir='ltr'>omnibus</span> <span class='ocrx_word' id='word_1_176' title='bbox 2368 2682 2387 2713; x_wconf 86' lang='lat'>‚</span> 
     </span>
     <span class='ocr_line' id='line_1_21' title="bbox 257 2732 2386 2828; baseline 0 -24"><span class='ocrx_word' id='word_1_177' title='bbox 257 2759 414 2828; x_wconf 89' lang='lat' dir='ltr'>quos</span> <span class='ocrx_word' id='word_1_178' title='bbox 465 2736 859 2804; x_wconf 89' lang='lat' dir='ltr'>nominatim</span> <span class='ocrx_word' id='word_1_179' title='bbox 909 2750 1303 2804; x_wconf 81' lang='lat' dir='ltr'>evocaverat</span> <span class='ocrx_word' id='word_1_180' title='bbox 1328 2789 1348 2823; x_wconf 88' lang='lat'>‚</span> <span class='ocrx_word' id='word_1_181' title='bbox 1389 2734 1765 2804; x_wconf 87' lang='lat' dir='ltr'>consolatus</span> <span class='ocrx_word' id='word_1_182' title='bbox 1816 2735 2343 2805; x_wconf 84' lang='lat' dir='ltr'>Indutiomarum</span> <span class='ocrx_word' id='word_1_183' title='bbox 2362 2732 2386 2759; x_wconf 68' lang='lat'><strong>⁹</strong></span> 
     </span>
    </p>
   </div>
   <div class='ocr_carea' id='block_1_3' title="bbox 259 2938 2389 3095">
    <p class='ocr_par' dir='ltr' id='par_1_4' title="bbox 259 2938 2389 3095">
     <span class='ocr_line' id='line_1_22' title="bbox 259 2938 2386 3016; baseline 0.001 -22"><span class='ocrx_word' id='word_1_184' title='bbox 259 2938 732 3016; x_wconf 76' lang='lat' dir='ltr'>(Vercingetorix)</span> <span class='ocrx_word' id='word_1_185' title='bbox 747 2980 766 3008; x_wconf 92' lang='lat'>,</span> <span class='ocrx_word' id='word_1_186' title='bbox 796 2940 855 2995; x_wconf 90' lang='lat' dir='ltr'>id</span> <span class='ocrx_word' id='word_1_187' title='bbox 895 2954 1000 3009; x_wconf 77' lang='lat' dir='ltr'>est,</span> <span class='ocrx_word' id='word_1_188' title='bbox 1019 2944 1139 3010; x_wconf 77' lang='lat' dir='ltr'>sear</span> <span class='ocrx_word' id='word_1_189' title='bbox 1173 2942 1280 2996; x_wconf 83' lang='lat' dir='ltr'>oel-</span> <span class='ocrx_word' id='word_1_190' title='bbox 1365 2954 1605 3014; x_wconf 76' lang='lat' dir='ltr'>petentes</span> <span class='ocrx_word' id='word_1_191' title='bbox 1617 2979 1635 3007; x_wconf 85' lang='lat'>,</span> <span class='ocrx_word' id='word_1_192' title='bbox 1649 2954 1710 2994; x_wconf 74' lang='lat' dir='ltr'>nt</span> <span class='ocrx_word' id='word_1_193' title='bbox 1725 2941 1833 2994; x_wconf 71' lang='lat' dir='ltr'>ouis</span> <span class='ocrx_word' id='word_1_194' title='bbox 1853 2942 1990 3013; x_wconf 79' lang='lat' dir='ltr'>agris</span> <span class='ocrx_word' id='word_1_195' title='bbox 2006 2944 2136 2996; x_wconf 76' lang='lat' dir='ltr'>velit</span> <span class='ocrx_word' id='word_1_196' title='bbox 2156 2962 2386 3015; x_wconf 73' lang='lat' dir='ltr'>parcere.</span> 
     </span>
     <span class='ocr_line' id='line_1_23' title="bbox 261 3021 2389 3095; baseline 0.001 -22"><span class='ocrx_word' id='word_1_197' title='bbox 261 3021 376 3088; x_wconf 86' lang='lat' dir='ltr'>tice,</span> <span class='ocrx_word' id='word_1_198' title='bbox 401 3027 485 3076; x_wconf 76' lang='lat' dir='ltr'>vir</span> <span class='ocrx_word' id='word_1_199' title='bbox 514 3023 708 3090; x_wconf 73' lang='lat' dir='ltr'>latine3</span> <span class='ocrx_word' id='word_1_200' title='bbox 726 3022 818 3095; x_wconf 82' lang='lat' dir='ltr'>qui</span> <span class='ocrx_word' id='word_1_201' title='bbox 838 3034 918 3076; x_wconf 77' lang='lat' dir='ltr'>est</span> <span class='ocrx_word' id='word_1_202' title='bbox 944 3034 1102 3094; x_wconf 76' lang='lat' dir='ltr'>caput</span> <span class='ocrx_word' id='word_1_203' title='bbox 1129 3040 1285 3094; x_wconf 81' lang='lat' dir='ltr'>expe·</span> <span class='ocrx_word' id='word_1_204' title='bbox 1449 3026 1502 3075; x_wconf 82' lang='lat'>6.</span> <span class='ocrx_word' id='word_1_205' title='bbox 1516 3021 2014 3074; x_wconf 62' lang='lat' dir='ltr'>ladaaabmnufloc</span> <span class='ocrx_word' id='word_1_206' title='bbox 2027 3025 2389 3095; x_wconf 76' lang='lat' dir='ltr'>nomenvulgo</span> 
     </span>
    </p>
   </div>
   <div class='ocr_carea' id='block_1_4' title="bbox 257 3099 1289 3803">
    <p class='ocr_par' dir='ltr' id='par_1_5' title="bbox 260 3099 492 3155">
     <span class='ocr_line' id='line_1_24' title="bbox 260 3099 492 3155; baseline 0.009 -2"><span class='ocrx_word' id='word_1_207' title='bbox 260 3099 492 3155; x_wconf 82' lang='lat' dir='ltr'>ditionis.</span> 
     </span>
    </p>

    <p class='ocr_par' dir='ltr' id='par_1_6' title="bbox 257 3181 1289 3803">
     <span class='ocr_line' id='line_1_25' title="bbox 335 3181 1282 3253; baseline -0.003 -18"><span class='ocrx_word' id='word_1_208' title='bbox 335 3182 388 3235; x_wconf 89' lang='grc'>3.</span> <span class='ocrx_word' id='word_1_209' title='bbox 441 3181 499 3235; x_wconf 86' lang='lat' dir='ltr'><em>A</em></span> <span class='ocrx_word' id='word_1_210' title='bbox 522 3183 731 3253; x_wconf 63' lang='lat' dir='ltr'>flur-che</span> <span class='ocrx_word' id='word_1_211' title='bbox 778 3182 944 3234; x_wconf 69' lang='lat' dir='ltr'>Rheno</span> <span class='ocrx_word' id='word_1_212' title='bbox 984 3181 1054 3232; x_wconf 73' lang='lat' dir='ltr'>ad</span> <span class='ocrx_word' id='word_1_213' title='bbox 1094 3184 1282 3233; x_wconf 61' lang='lat' dir='ltr'>mium</span> 
     </span>
     <span class='ocr_line' id='line_1_26' title="bbox 260 3260 1284 3328; baseline 0.001 -16"><span class='ocrx_word' id='word_1_214' title='bbox 260 3260 852 3315; x_wconf 69' lang='lat' dir='ltr'>Remorum.ciaoeonim</span> <span class='ocrx_word' id='word_1_215' title='bbox 869 3272 1075 3328; x_wconf 72' lang='lat' dir='ltr'>,motus</span> <span class='ocrx_word' id='word_1_216' title='bbox 1104 3272 1284 3313; x_wconf 71' lang='lat' dir='ltr'>aucto·</span> 
     </span>
     <span class='ocr_line' id='line_1_27' title="bbox 257 3339 1284 3412; baseline 0.002 -21"><span class='ocrx_word' id='word_1_217' title='bbox 257 3339 410 3394; x_wconf 74' lang='lat' dir='ltr'>ritate</span> <span class='ocrx_word' id='word_1_218' title='bbox 429 3341 635 3408; x_wconf 76' lang='lat' dir='ltr'>orosii,</span> <span class='ocrx_word' id='word_1_219' title='bbox 651 3341 744 3412; x_wconf 81' lang='lat' dir='ltr'>qui</span> <span class='ocrx_word' id='word_1_220' title='bbox 764 3342 966 3394; x_wconf 66' lang='lat' dir='ltr'>Nervios</span> <span class='ocrx_word' id='word_1_221' title='bbox 982 3341 1167 3406; x_wconf 75' lang='lat' dir='ltr'>habet,</span> <span class='ocrx_word' id='word_1_222' title='bbox 1181 3340 1284 3393; x_wconf 82' lang='lat' dir='ltr'>hoo</span> 
     </span>
     <span class='ocr_line' id='line_1_28' title="bbox 259 3418 1285 3492; baseline 0.002 -22"><span class='ocrx_word' id='word_1_223' title='bbox 259 3418 372 3472; x_wconf 84' lang='lat' dir='ltr'>loco</span> <span class='ocrx_word' id='word_1_224' title='bbox 402 3419 689 3492; x_wconf 75' lang='lat' dir='ltr'>legendum</span> <span class='ocrx_word' id='word_1_225' title='bbox 717 3422 967 3492; x_wconf 80' lang='lat' dir='ltr'>putabat,</span> <span class='ocrx_word' id='word_1_226' title='bbox 996 3421 1065 3472; x_wconf 72' lang='lat' dir='ltr'>ad</span> <span class='ocrx_word' id='word_1_227' title='bbox 1099 3424 1285 3473; x_wconf 62' lang='lat' dir='ltr'>mitium</span> 
     </span>
     <span class='ocr_line' id='line_1_29' title="bbox 262 3500 1286 3561; baseline 0.002 -10"><span class='ocrx_word' id='word_1_228' title='bbox 262 3500 543 3552; x_wconf 70' lang='lat' dir='ltr'>Ner-viarm</span> <span class='ocrx_word' id='word_1_229' title='bbox 556 3521 577 3561; x_wconf 83' lang='lat'>,-</span> <span class='ocrx_word' id='word_1_230' title='bbox 608 3512 662 3554; x_wconf 81' lang='lat' dir='ltr'>at</span> <span class='ocrx_word' id='word_1_231' title='bbox 704 3500 801 3553; x_wconf 79' lang='lat' dir='ltr'>ista</span> <span class='ocrx_word' id='word_1_232' title='bbox 841 3500 1061 3555; x_wconf 85' lang='lat' dir='ltr'>minime</span> <span class='ocrx_word' id='word_1_233' title='bbox 1106 3518 1286 3553; x_wconf 74' lang='lat' dir='ltr'>neces·</span> 
     </span>
     <span class='ocr_line' id='line_1_30' title="bbox 261 3578 1285 3645; baseline 0.002 -15"><span class='ocrx_word' id='word_1_234' title='bbox 261 3578 399 3631; x_wconf 78' lang='lat' dir='ltr'>saria</span> <span class='ocrx_word' id='word_1_235' title='bbox 415 3591 493 3632; x_wconf 74' lang='lat' dir='ltr'>est</span> <span class='ocrx_word' id='word_1_236' title='bbox 514 3578 841 3645; x_wconf 80' lang='lat' dir='ltr'>emendatio;</span> <span class='ocrx_word' id='word_1_237' title='bbox 855 3599 979 3633; x_wconf 73' lang='lat' dir='ltr'>nam</span> <span class='ocrx_word' id='word_1_238' title='bbox 996 3578 1285 3634; x_wconf 70' lang='lat' dir='ltr'>Arduenna</span> 
     </span>
     <span class='ocr_line' id='line_1_31' title="bbox 261 3657 1289 3731; baseline 0.003 -22"><span class='ocrx_word' id='word_1_239' title='bbox 261 3657 392 3709; x_wconf 76' lang='lat' dir='ltr'>silva</span> <span class='ocrx_word' id='word_1_240' title='bbox 413 3660 724 3728; x_wconf 75' lang='lat' dir='ltr'>pertinebat,</span> <span class='ocrx_word' id='word_1_241' title='bbox 739 3661 1058 3731; x_wconf 71' lang='lat' dir='ltr'>alter-aparte</span> <span class='ocrx_word' id='word_1_242' title='bbox 1075 3658 1143 3712; x_wconf 71' lang='lat' dir='ltr'>ad</span> <span class='ocrx_word' id='word_1_243' title='bbox 1157 3660 1289 3712; x_wconf 79' lang='lat' dir='ltr'>Ner·</span> 
     </span>
     <span class='ocr_line' id='line_1_32' title="bbox 263 3737 1283 3803; baseline 0.003 -13"><span class='ocrx_word' id='word_1_244' title='bbox 263 3737 379 3791; x_wconf 75' lang='lat' dir='ltr'>vioe</span> <span class='ocrx_word' id='word_1_245' title='bbox 393 3775 412 3803; x_wconf 92' lang='lat'>,</span> <span class='ocrx_word' id='word_1_246' title='bbox 435 3751 490 3791; x_wconf 87' lang='lat' dir='ltr'>et</span> <span class='ocrx_word' id='word_1_247' title='bbox 511 3739 672 3793; x_wconf 80' lang='lat' dir='ltr'>altera</span> <span class='ocrx_word' id='word_1_248' title='bbox 691 3738 760 3793; x_wconf 80' lang='lat' dir='ltr'>ad</span> <span class='ocrx_word' id='word_1_249' title='bbox 786 3740 994 3792; x_wconf 72' lang='lat' dir='ltr'>Remos.</span> <span class='ocrx_word' id='word_1_250' title='bbox 1013 3737 1143 3792; x_wconf 80' lang='lat' dir='ltr'>Vid.</span> <span class='ocrx_word' id='word_1_251' title='bbox 1161 3737 1283 3793; x_wconf 88' lang='lat' dir='ltr'>Ind.</span> 
     </span>
    </p>
   </div>
   <div class='ocr_carea' id='block_1_5' title="bbox 264 3835 1284 3962">
    <p class='ocr_par' dir='ltr' id='par_1_7' title="bbox 264 3835 1284 3962">
     <span class='ocr_line' id='line_1_33' title="bbox 264 3835 1284 3962; baseline 0 -11"><span class='ocrx_word' id='word_1_252' title='bbox 264 3835 801 3962; x_wconf 39' lang='lat' dir='ltr'>Wfkmuaritm·</span> <span class='ocrx_word' id='word_1_253' title='bbox 834 3898 940 3951; x_wconf 81' lang='lat' dir='ltr'>Alii</span> <span class='ocrx_word' id='word_1_254' title='bbox 982 3902 1284 3951; x_wconf 64' lang='lat' dir='ltr'>auctor-inte.</span> 
     </span>
    </p>
   </div>
   <div class='ocr_carea' id='block_1_6' title="bbox 261 3978 1291 4368">
    <p class='ocr_par' dir='ltr' id='par_1_8' title="bbox 261 3978 1291 4368">
     <span class='ocr_line' id='line_1_34' title="bbox 347 3978 1289 4049; baseline -0.001 -19"><span class='ocrx_word' id='word_1_255' title='bbox 347 3978 399 4031; x_wconf 81' lang='grc'>5.</span> <span class='ocrx_word' id='word_1_256' title='bbox 437 3979 680 4049; x_wconf 77' lang='lat' dir='ltr'>Quoniam</span> <span class='ocrx_word' id='word_1_257' title='bbox 710 3982 896 4033; x_wconf 69' lang='lat' dir='ltr'>civitati</span> <span class='ocrx_word' id='word_1_258' title='bbox 923 3978 1164 4030; x_wconf 67' lang='lat' dir='ltr'>mutulen</span> <span class='ocrx_word' id='word_1_259' title='bbox 1192 3997 1289 4029; x_wconf 79' lang='lat' dir='ltr'>non</span> 
     </span>
     <span class='ocr_line' id='line_1_35' title="bbox 261 4055 1290 4130; baseline 0.001 -21"><span class='ocrx_word' id='word_1_260' title='bbox 261 4070 467 4125; x_wconf 71' lang='lat' dir='ltr'>possent.</span> <span class='ocrx_word' id='word_1_261' title='bbox 501 4058 644 4123; x_wconf 86' lang='lat' dir='ltr'>Quia</span> <span class='ocrx_word' id='word_1_262' title='bbox 663 4071 884 4130; x_wconf 83' lang='lat' dir='ltr'>propter</span> <span class='ocrx_word' id='word_1_263' title='bbox 913 4055 1290 4110; x_wconf 77' lang='lat' dir='ltr'>dissentionem</span> 
     </span>
     <span class='ocr_line' id='line_1_36' title="bbox 268 4135 1289 4209; baseline 0 -20"><span class='ocrx_word' id='word_1_264' title='bbox 268 4135 404 4189; x_wconf 81' lang='lat' dir='ltr'>inter</span> <span class='ocrx_word' id='word_1_265' title='bbox 431 4138 642 4190; x_wconf 80' lang='lat' dir='ltr'>nobiles</span> <span class='ocrx_word' id='word_1_266' title='bbox 668 4150 724 4190; x_wconf 90' lang='lat' dir='ltr'>et</span> <span class='ocrx_word' id='word_1_267' title='bbox 747 4139 960 4209; x_wconf 85' lang='lat' dir='ltr'>plebem</span> <span class='ocrx_word' id='word_1_268' title='bbox 989 4149 1160 4189; x_wconf 83' lang='lat' dir='ltr'>ortam</span> <span class='ocrx_word' id='word_1_269' title='bbox 1189 4155 1289 4207; x_wconf 90' lang='lat' dir='ltr'>pro</span> 
     </span>
     <span class='ocr_line' id='line_1_37' title="bbox 270 4218 1291 4289; baseline 0.001 -21"><span class='ocrx_word' id='word_1_270' title='bbox 270 4218 515 4271; x_wconf 69' lang='lat' dir='ltr'>omnihus</span> <span class='ocrx_word' id='word_1_271' title='bbox 541 4236 698 4289; x_wconf 80' lang='lat' dir='ltr'>agere</span> <span class='ocrx_word' id='word_1_272' title='bbox 712 4255 728 4284; x_wconf 88' lang='lat'><strong>,</strong></span> <span class='ocrx_word' id='word_1_273' title='bbox 752 4230 975 4272; x_wconf 69' lang='lat' dir='ltr'>metare</span> <span class='ocrx_word' id='word_1_274' title='bbox 1000 4236 1110 4270; x_wconf 88' lang='lat' dir='ltr'>non</span> <span class='ocrx_word' id='word_1_275' title='bbox 1139 4228 1291 4288; x_wconf 88' lang='lat' dir='ltr'>pote·</span> 
     </span>
     <span class='ocr_line' id='line_1_38' title="bbox 269 4295 1291 4368; baseline 0.005 -22"><span class='ocrx_word' id='word_1_276' title='bbox 269 4309 417 4363; x_wconf 75' lang='lat' dir='ltr'>rant,</span> <span class='ocrx_word' id='word_1_277' title='bbox 438 4297 696 4368; x_wconf 77' lang='lat' dir='ltr'>privatim</span> <span class='ocrx_word' id='word_1_278' title='bbox 718 4316 912 4352; x_wconf 78' lang='lat' dir='ltr'>venere</span> <span class='ocrx_word' id='word_1_279' title='bbox 936 4295 1005 4350; x_wconf 81' lang='lat' dir='ltr'>ad</span> <span class='ocrx_word' id='word_1_280' title='bbox 1032 4298 1291 4351; x_wconf 69' lang='lat' dir='ltr'>Caesarem</span> 
     </span>
    </p>
   </div>
   <div class='ocr_carea' id='block_1_7' title="bbox 1367 3101 2398 4354">
    <p class='ocr_par' dir='ltr' id='par_1_9' title="bbox 1367 3101 2393 3573">
     <span class='ocr_line' id='line_1_39' title="bbox 1367 3101 2393 3172; baseline 0 -18"><span class='ocrx_word' id='word_1_281' title='bbox 1367 3113 1489 3172; x_wconf 62' lang='lat' dir='ltr'>pon</span> <span class='ocrx_word' id='word_1_282' title='bbox 1515 3101 1803 3152; x_wconf 70' lang='lat' dir='ltr'>deser-entur</span> <span class='ocrx_word' id='word_1_283' title='bbox 1816 3101 2075 3172; x_wconf 80' lang='lat' dir='ltr'>positum,</span> <span class='ocrx_word' id='word_1_284' title='bbox 2091 3102 2198 3153; x_wconf 84' lang='lat' dir='ltr'>huc</span> <span class='ocrx_word' id='word_1_285' title='bbox 2226 3114 2393 3155; x_wconf 75' lang='lat' dir='ltr'>trans·</span> 
     </span>
     <span class='ocr_line' id='line_1_40' title="bbox 1368 3178 2390 3253; baseline 0.002 -20"><span class='ocrx_word' id='word_1_286' title='bbox 1368 3181 1493 3233; x_wconf 87' lang='lat' dir='ltr'>tulit</span> <span class='ocrx_word' id='word_1_287' title='bbox 1520 3178 1951 3252; x_wconf 77' lang='lat' dir='ltr'>Oudendorpius.</span> <span class='ocrx_word' id='word_1_288' title='bbox 1969 3179 2390 3253; x_wconf 77' lang='lat' dir='ltr'>Expungendum</span> 
     </span>
     <span class='ocr_line' id='line_1_41' title="bbox 1367 3260 2390 3332; baseline 0.002 -19"><span class='ocrx_word' id='word_1_289' title='bbox 1367 3279 1498 3313; x_wconf 76' lang='lat' dir='ltr'>vero</span> <span class='ocrx_word' id='word_1_290' title='bbox 1526 3261 1811 3313; x_wconf 76' lang='lat' dir='ltr'>censebant</span> <span class='ocrx_word' id='word_1_291' title='bbox 1836 3260 2064 3332; x_wconf 76' lang='lat' dir='ltr'>Scaliger</span> <span class='ocrx_word' id='word_1_292' title='bbox 2097 3273 2150 3314; x_wconf 88' lang='lat' dir='ltr'>et</span> <span class='ocrx_word' id='word_1_293' title='bbox 2174 3262 2390 3315; x_wconf 71' lang='lat' dir='ltr'>ciacco-</span> 
     </span>
     <span class='ocr_line' id='line_1_42' title="bbox 1368 3341 2390 3394; baseline 0.001 -1"><span class='ocrx_word' id='word_1_294' title='bbox 1368 3341 1492 3393; x_wconf 75' lang='lat' dir='ltr'>nius</span> <span class='ocrx_word' id='word_1_295' title='bbox 1517 3341 1664 3393; x_wconf 75' lang='lat' dir='ltr'>velut</span> <span class='ocrx_word' id='word_1_296' title='bbox 1706 3341 1908 3392; x_wconf 86' lang='lat' dir='ltr'>inutile.</span> <span class='ocrx_word' id='word_1_297' title='bbox 1940 3344 2010 3392; x_wconf 81' lang='lat' dir='ltr'>At</span> <span class='ocrx_word' id='word_1_298' title='bbox 2041 3341 2239 3394; x_wconf 85' lang='lat' dir='ltr'>auctori</span> <span class='ocrx_word' id='word_1_299' title='bbox 2265 3360 2390 3394; x_wconf 83' lang='lat' dir='ltr'>nos·</span> 
     </span>
     <span class='ocr_line' id='line_1_43' title="bbox 1371 3419 2392 3493; baseline 0.002 -21"><span class='ocrx_word' id='word_1_300' title='bbox 1371 3432 1488 3484; x_wconf 88' lang='lat' dir='ltr'>tro,</span> <span class='ocrx_word' id='word_1_301' title='bbox 1517 3421 1782 3491; x_wconf 76' lang='grc' dir='ltr'>σαφηνιίαις</span> <span class='ocrx_word' id='word_1_302' title='bbox 1828 3421 2087 3493; x_wconf 75' lang='lat' dir='ltr'>imprimis</span> <span class='ocrx_word' id='word_1_303' title='bbox 2116 3419 2354 3475; x_wconf 78' lang='lat' dir='ltr'>studioso</span> <span class='ocrx_word' id='word_1_304' title='bbox 2374 3459 2392 3486; x_wconf 87' lang='lat'>,</span> 
     </span>
     <span class='ocr_line' id='line_1_44' title="bbox 1371 3500 2391 3573; baseline 0 -20"><span class='ocrx_word' id='word_1_305' title='bbox 1371 3501 1560 3553; x_wconf 70' lang='lat' dir='ltr'>usitata</span> <span class='ocrx_word' id='word_1_306' title='bbox 1580 3502 1769 3572; x_wconf 76' lang='lat' dir='ltr'>passim</span> <span class='ocrx_word' id='word_1_307' title='bbox 1798 3500 2101 3573; x_wconf 78' lang='lat' dir='ltr'>hujusmodi</span> <span class='ocrx_word' id='word_1_308' title='bbox 2127 3502 2391 3572; x_wconf 86' lang='lat' dir='ltr'>repetitio.</span> 
     </span>
    </p>

    <p class='ocr_par' dir='ltr' id='par_1_10' title="bbox 1370 3581 2391 3810">
     <span class='ocr_line' id='line_1_45' title="bbox 1452 3581 2389 3650; baseline 0 -18"><span class='ocrx_word' id='word_1_309' title='bbox 1452 3599 1506 3650; x_wconf 88' lang='lat'>7.</span> <span class='ocrx_word' id='word_1_310' title='bbox 1525 3581 1890 3633; x_wconf 76' lang='lat' dir='ltr'>Per-missurum.</span> <span class='ocrx_word' id='word_1_311' title='bbox 1917 3582 2000 3634; x_wconf 76' lang='lat' dir='ltr'>Al.</span> <span class='ocrx_word' id='word_1_312' title='bbox 2025 3585 2389 3634; x_wconf 67' lang='lat' dir='ltr'>commissurum.</span> 
     </span>
     <span class='ocr_line' id='line_1_46' title="bbox 1372 3659 2391 3732; baseline 0.002 -21"><span class='ocrx_word' id='word_1_313' title='bbox 1372 3659 1553 3712; x_wconf 80' lang='lat' dir='ltr'>Minus</span> <span class='ocrx_word' id='word_1_314' title='bbox 1580 3661 1741 3726; x_wconf 86' lang='lat' dir='ltr'>bene;</span> <span class='ocrx_word' id='word_1_315' title='bbox 1768 3659 1924 3714; x_wconf 85' lang='lat' dir='ltr'>codd.</span> <span class='ocrx_word' id='word_1_316' title='bbox 1941 3663 2107 3714; x_wconf 81' lang='lat' dir='ltr'>nostri</span> <span class='ocrx_word' id='word_1_317' title='bbox 2133 3679 2273 3732; x_wconf 79' lang='lat' dir='ltr'>regg.</span> <span class='ocrx_word' id='word_1_318' title='bbox 2295 3660 2391 3713; x_wconf 80' lang='lat' dir='ltr'>ha·</span> 
     </span>
     <span class='ocr_line' id='line_1_47' title="bbox 1370 3740 1876 3810; baseline 0.004 -19"><span class='ocrx_word' id='word_1_319' title='bbox 1370 3740 1501 3792; x_wconf 82' lang='lat' dir='ltr'>bent</span> <span class='ocrx_word' id='word_1_320' title='bbox 1523 3746 1876 3810; x_wconf 70' lang='lat' dir='ltr'>permissurum.</span> 
     </span>
    </p>

    <p class='ocr_par' dir='ltr' id='par_1_11' title="bbox 1372 3817 2388 3969">
     <span class='ocr_line' id='line_1_48' title="bbox 1454 3817 2388 3889; baseline 0.002 -19"><span class='ocrx_word' id='word_1_321' title='bbox 1454 3819 1582 3871; x_wconf 68' lang='lat' dir='ltr'>Cn.</span> <span class='ocrx_word' id='word_1_322' title='bbox 1602 3821 1699 3872; x_wconf 83' lang='lat' dir='ltr'>IV.</span> <span class='ocrx_word' id='word_1_323' title='bbox 1726 3839 1772 3872; x_wconf 88' lang='lat'>1.</span> <span class='ocrx_word' id='word_1_324' title='bbox 1804 3821 1969 3882; x_wconf 78' lang='lat' dir='ltr'>Filio,·</span> <span class='ocrx_word' id='word_1_325' title='bbox 1998 3817 2388 3889; x_wconf 76' lang='lat' dir='ltr'>Al.filiis.Cod.</span> 
     </span>
     <span class='ocr_line' id='line_1_49' title="bbox 1372 3898 2222 3969; baseline 0 -18"><span class='ocrx_word' id='word_1_326' title='bbox 1372 3916 1482 3969; x_wconf 80' lang='lat' dir='ltr'>reg.</span> <span class='ocrx_word' id='word_1_327' title='bbox 1517 3898 1862 3968; x_wconf 79' lang='lat' dir='ltr'>5763,filio,·</span> <span class='ocrx_word' id='word_1_328' title='bbox 1880 3898 2222 3969; x_wconf 69' lang='lat' dir='ltr'>5764‚filiis.</span> 
     </span>
    </p>

    <p class='ocr_par' dir='ltr' id='par_1_12' title="bbox 1374 3978 2398 4354">
     <span class='ocr_line' id='line_1_50' title="bbox 1459 3978 2398 4043; baseline 0.001 -13"><span class='ocrx_word' id='word_1_329' title='bbox 1459 3997 1509 4030; x_wconf 76' lang='lat'>2.</span> <span class='ocrx_word' id='word_1_330' title='bbox 1543 3978 1830 4030; x_wconf 69' lang='lat' dir='ltr'>Consohztm</span> <span class='ocrx_word' id='word_1_331' title='bbox 1860 3979 2254 4031; x_wconf 71' lang='lat' dir='ltr'>Indutiomarum.</span> <span class='ocrx_word' id='word_1_332' title='bbox 2284 3978 2398 4043; x_wconf 81' lang='lat' dir='ltr'>Eo,</span> 
     </span>
     <span class='ocr_line' id='line_1_51' title="bbox 1374 4057 2393 4125; baseline 0.001 -15"><span class='ocrx_word' id='word_1_333' title='bbox 1374 4070 1436 4111; x_wconf 84' lang='lat' dir='ltr'>ut</span> <span class='ocrx_word' id='word_1_334' title='bbox 1464 4057 1719 4123; x_wconf 78' lang='lat' dir='ltr'>arbitror,</span> <span class='ocrx_word' id='word_1_335' title='bbox 1759 4058 1983 4112; x_wconf 86' lang='lat' dir='ltr'>certiore</span> <span class='ocrx_word' id='word_1_336' title='bbox 2027 4060 2163 4112; x_wconf 87' lang='lat' dir='ltr'>facto</span> <span class='ocrx_word' id='word_1_337' title='bbox 2177 4097 2194 4125; x_wconf 86' lang='lat'>‚</span> <span class='ocrx_word' id='word_1_338' title='bbox 2220 4058 2393 4111; x_wconf 85' lang='lat' dir='ltr'>filium</span> 
     </span>
     <span class='ocr_line' id='line_1_52' title="bbox 1374 4137 2395 4209; baseline 0.002 -20"><span class='ocrx_word' id='word_1_339' title='bbox 1374 4138 1806 4209; x_wconf 81' lang='lat' dir='ltr'>propinquosque</span> <span class='ocrx_word' id='word_1_340' title='bbox 1834 4141 1946 4209; x_wconf 79' lang='lat' dir='ltr'>ejus</span> <span class='ocrx_word' id='word_1_341' title='bbox 1984 4140 2062 4190; x_wconf 91' lang='lat' dir='ltr'>nil</span> <span class='ocrx_word' id='word_1_342' title='bbox 2091 4137 2395 4192; x_wconf 84' lang='lat' dir='ltr'>detrimenti</span> 
     </span>
     <span class='ocr_line' id='line_1_53' title="bbox 1376 4219 2393 4289; baseline 0.001 -20"><span class='ocrx_word' id='word_1_343' title='bbox 1376 4230 1622 4289; x_wconf 75' lang='lat' dir='ltr'>captums</span> <span class='ocrx_word' id='word_1_344' title='bbox 1632 4256 1648 4284; x_wconf 90' lang='lat'>,</span> <span class='ocrx_word' id='word_1_345' title='bbox 1664 4219 1786 4270; x_wconf 80' lang='lat' dir='ltr'>licet</span> <span class='ocrx_word' id='word_1_346' title='bbox 1801 4237 1976 4271; x_wconf 85' lang='lat' dir='ltr'>secum</span> <span class='ocrx_word' id='word_1_347' title='bbox 1994 4219 2051 4271; x_wconf 91' lang='lat' dir='ltr'>in</span> <span class='ocrx_word' id='word_1_348' title='bbox 2068 4219 2393 4271; x_wconf 84' lang='lat' dir='ltr'>Britanniam</span> 
     </span>
     <span class='ocr_line' id='line_1_54' title="bbox 1378 4296 2353 4354; baseline -0.001 -3"><span class='ocrx_word' id='word_1_349' title='bbox 1378 4296 1626 4351; x_wconf 68' lang='lat' dir='ltr'>obsidum</span> <span class='ocrx_word' id='word_1_350' title='bbox 1652 4299 1772 4353; x_wconf 87' lang='lat' dir='ltr'>loco</span> <span class='ocrx_word' id='word_1_351' title='bbox 1805 4296 2140 4353; x_wconf 83' lang='lat' dir='ltr'>ducerentur.</span> <span class='ocrx_word' id='word_1_352' title='bbox 2170 4301 2353 4354; x_wconf 68' lang='lat' dir='ltr'>Duru.</span> 
     </span>
    </p>
   </div>
  </div>
 </body>
</html>
