3111 5147
513 511 677 587 ‚DE
729 516 1079 585 BELLO
1133 519 1632 589 GALLICO.
1691 524 1880 593 LIB.
1937 528 2117 597 VII.
2251 530 2399 607 335

257 647 553 719 admisso
571 702 591 736 ‚
634 648 720 717 ad
760 650 1106 719 sanitatem
1145 650 1395 745 pudeat
1433 655 1693 722 reverti.
1739 657 1835 726 M.
1877 661 2195 732 Aristium
2221 648 2244 688 ⁵
2287 669 2401 735 tri·

260 755 524 824 bunum
557 752 841 825 militum
862 810 883 844 ‚
910 758 1036 827 iter
1069 757 1153 825 ad
1194 754 1519 853 legionem
1555 759 1905 833 facientem
1919 819 1938 854 ‚
1969 766 2123 837 data
2156 769 2289 838 fide
2321 797 2403 843 ex

260 861 517 958 oppido
559 861 907 933 Cabillono
926 849 952 889 ⁶
982 863 1314 934 educunt:
1347 865 1520 936 idem
1559 866 1780 941 facere
1814 889 2065 971 cogunt
2095 899 2209 945 eos
2228 930 2248 965 ‚
2288 880 2405 972 qui

258 968 646 1064 negotiandi
681 993 880 1039 causa
914 970 1004 1038 ibi
1044 973 1493 1042 constiterant.
1533 977 1675 1044 Hos
1711 979 2028 1049 continuo
2057 981 2126 1048 in
2169 983 2401 1057 itinere

258 1075 520 1163 adorti,
549 1076 856 1151 omnibus
898 1077 1383 1172 impedimentis
1414 1096 1709 1171 exuunt3
1739 1101 2184 1181 repugnantes
2224 1089 2400 1162 diem

259 1197 664 1276 noctemque
689 1182 1032 1272 obsident3
1055 1182 1279 1254 multis
1303 1188 1637 1284 utrimque
1666 1191 2024 1262 interfectis
2039 1245 2058 1279 ‚
2082 1196 2399 1290 majorem

257 1287 751 1358 multitudinem
794 1291 880 1359 ad
918 1314 1103 1361 anna
1143 1294 1496 1367 concitant.

375 1397 624 1467 XLIII.
680 1397 956 1466 Interim
999 1400 1233 1468 nuntio
1261 1398 1498 1488 allate,
1531 1426 1762 1472 omnes
1799 1427 2031 1477 eorum
2062 1406 2299 1480 milites
2330 1411 2399 1480 in

258 1517 590 1597 potestate
608 1505 886 1574 Caesaris
903 1507 1145 1594 teneri,
1163 1521 1573 1577 concurrunt
1591 1506 1676 1576 ad
1693 1510 2008 1580 Aristium
2033 1538 2047 1580 ε
2084 1513 2245 1583 nihil
2274 1540 2398 1611 pu-

258 1607 436 1678 blico
463 1610 712 1680 factum
733 1610 1006 1681 consilio
1026 1611 1513 1683 demonstrantz
1537 1618 1963 1710 quaestionem
1989 1617 2071 1687 de
2091 1619 2281 1691 bonis
2298 1623 2397 1692 di-

254 1719 461 1811 reptis
497 1717 906 1788 decernunt:
937 1717 1348 1816 fratrumque
1377 1721 1551 1790 bona
1586 1721 1928 1817 publicant
1963 1750 1979 1793 :
2022 1723 2273 1820 legatos
2308 1729 2395 1798 ad

257 1826 590 1892 Caesarem
618 1826 718 1893 sui
741 1826 1068 1925 purgandi
1090 1830 1299 1921 gratia
1324 1830 1613 1897 mittunt.
1646 1830 1807 1900 Haec
1841 1828 2091 1901 faciunt
2122 1857 2395 1930 recupe-

253 1929 620 2000 randorum
643 1952 913 2001 suorum
941 1957 1168 2003 eausa:
1185 1934 1300 2004 sed
1328 1936 1757 2005 contaminati
1783 1936 2103 2025 facinore,
2127 1953 2194 2008 et
2218 1944 2397 2037 capti

256 2038 657 2133 compendio
673 2036 695 2062 ²
710 2040 1073 2138 exdireptis
1084 2041 1486 2139 bonis‚quod
1503 2066 1584 2111 ea
1606 2066 1710 2112 res
1734 2043 1819 2112 ad
1841 2043 2085 2114 multos
2107 2048 2395 2140 pertine-

254 2141 409 2227 bat,
429 2158 498 2213 et
517 2148 751 2215 timore
778 2172 992 2242 poenoe
1024 2150 1315 2223 exterriti
1334 2203 1353 2237 ‚
1379 2148 1648 2219 consilia
1673 2147 1843 2220 elam
1874 2150 1959 2220 de
1986 2150 2160 2221 bello
2176 2137 2202 2177 ³
2230 2155 2396 2224 inire

251 2251 1051 2349 incipiunt‚civitatesque
1070 2254 1351 2350 reliquas
1374 2254 1808 2351 legationibus
1831 2256 2199 2328 sollicitant.
2222 2261 2395 2349 Quae

252 2346 556 2427 tametsi⁴
575 2361 798 2430 Caesar
820 2359 1252 2457 intelligebat,
1271 2376 1523 2451 tamen,
1540 2384 1741 2455 quam
1774 2364 2110 2434 mitissime
2141 2380 2394 2460 potest,

254 2462 508 2560 legatos
533 2465 856 2561 appellat:
878 2497 914 2533 α
931 2467 1092 2537 nihil
1114 2492 1183 2538 se
1209 2483 1484 2564 propter
1501 2470 1909 2539 inscientiam
1928 2468 2393 2566 levitatemque

249 2571 436 2670 vulgi
474 2577 738 2669 gravius
768 2575 851 2645 de
883 2578 1145 2646 civitate
1168 2576 1497 2671 judicare,
1527 2600 1743 2671 neque
1776 2575 1861 2646 de
1890 2602 2009 2647 sua
2046 2579 2115 2647 in
2141 2578 2390 2676 AEduos

251 2678 716 2750 benevolentia
753 2681 1215 2752 deminuere.»
1260 2686 1452 2777 Ipse,
1495 2684 1816 2777 majorem
1862 2682 2091 2754 Galliae
2133 2675 2390 2756 motum

253 2793 645 2882 exspectans
668 2842 687 2876 ,
729 2813 815 2858 ne
867 2789 952 2857 ab
994 2789 1301 2858 omnibus
1351 2789 1723 2859 civitatibus
1761 2792 2352 2863 circumsisteretur
2372 2847 2391 2882 ,

252 2892 526 2964 consilia
570 2894 777 2964 inibat
795 2949 817 2984 ‚
861 2894 1420 2989 quemadmodum
1475 2895 1560 2963 ab
1604 2897 1937 2989 Gergovia
1989 2896 2353 2968 discederet
2370 2953 2391 2988 ‚

338 3076 392 3130 5.
421 3076 497 3129 M.
531 3076 791 3131 Aristium,
823 3076 925 3130 Hic
938 3075 1154 3131 videtur
1166 3095 1277 3131 esse
1351 3079 1601 3148 ’ὠφέλημα
1619 3114 1636 3141 ,
1658 3077 1871 3129 lucrum
1901 3088 1981 3130 est
2006 3079 2284 3150 temporis,
2299 3098 2388 3151 pe-

254 3154 325 3209 nd
339 3175 497 3232 quem
514 3157 698 3212 scribit
711 3159 821 3212 Cic.
837 3159 875 3211 l.
903 3175 1009 3210 xm
1017 3196 1033 3223 ‚
1063 3178 1148 3230 ep.
1170 3159 1241 3211 50
1259 3175 1276 3224 3
1363 3156 1653 3224 cunioe,vel
1666 3173 1866 3228 operae,
1878 3156 2106 3209 hocloco
2118 3196 2134 3222 ,
2148 3159 2387 3229 pecunia?

254 3255 559 3309 quanquam
574 3238 650 3290 ibi
664 3233 862 3290 Aristus
873 3250 1110 3290 vocatur.
1132 3237 1273 3290 Gon.
1363 3255 1481 3308 quie
1510 3247 1756 3290 evenerat
1785 3255 1815 3288 e
1842 3237 1997 3289 bonis
2026 3235 2263 3309 direptis.

339 3321 395 3372 6.
416 3317 684 3372 Cabillono.
701 3317 843 3371 Male
856 3318 1031 3370 Surita
1044 3319 1160 3370 vult
1175 3317 1277 3371 Ca·
1444 3316 1498 3370 3.
1523 3316 1741 3370 Consilia
1765 3317 1891 3368 clam
1909 3317 2114 3380 debello,
2126 3329 2214 3371 etc.
2232 3317 2383 3374 Hanc

256 3397 477 3451 helicone.
503 3398 710 3452 Onam„
748 3396 922 3452 codd.
966 3398 1134 3450 nostri
1162 3399 1273 3451 RR.
1364 3395 1597 3450 inGallis
1608 3394 2138 3470 perfidiam‚populis
2149 3397 2383 3469 alioquin

259 3473 538 3540 cavatam,
587 3478 899 3540 Cauillonnm·
930 3490 983 3530 at
1025 3479 1190 3532 facilis
1226 3489 1280 3531 et
1363 3476 1580 3528 sinceris
1621 3489 1675 3529 et
1700 3477 2025 3548 ingenuitate
2050 3476 2255 3549 plenis,
2290 3496 2387 3530 ne·

256 3558 512 3624 neturalis
525 3559 747 3611 mutatio
761 3558 948 3611 litterae
961 3558 990 3610 b
999 3559 1055 3611 in
1070 3581 1111 3625 ν,
1126 3560 1280 3630 quip-

255 3656 326 3710 pe
348 3657 467 3710 quoe
483 3636 672 3692 litterae
687 3638 744 3690 in
759 3638 963 3710 origine
977 3639 1280 3710 linguarum

256 3715 454 3771 effidem
474 3718 688 3772 fuerint.
716 3717 889 3772 Graec.
915 3719 1138 3789 interpr.
1163 3723 1279 3769 Κα-

254 3796 502 3853 δααῦνον.
515 3797 689 3852 Graeci
703 3797 874 3852 Strab.
889 3794 1279 3851 Ptolxaezmn-

251 3898 330 3932 νον
345 3916 363 3944 ,
385 3879 469 3930 vel
497 3879 692 3932 rectius
719 3877 1041 3932 Καὸιλλύνον.

335 3957 471 4012 ΟΑΡ.
487 3957 684 4013 XLIII.
710 3978 757 4012 1.
778 3957 1099 4028 Quaestionem
1122 3958 1182 4008 de
1196 3957 1279 4009 bo-

254 4041 331 4092 m's
360 4037 579 4110 direptis.
608 4037 732 4092 Non
757 4052 965 4092 tantum
992 4035 1281 4102 indicium,

257 4117 352 4173 sed
377 4132 432 4173 et
463 4119 893 4192 inquisitionem,
924 4135 1085 4189 quam
1111 4117 1281 4171 nostri

259 4197 474 4266 'dic-unt,
491 4200 761 4262 recherche,
794 4207 1002 4272 enquete.

345 4299 397 4331 α.
479 4277 787 4352 compendio.
841 4275 1236 4352 compendium
1263 4316 1280 4344 ,

1363 3573 1454 3608 mo
1476 3568 1618 3610 certe
1641 3557 1964 3611 excusaverit
1978 3573 1992 3610 τ
2005 3569 2229 3621 nam‚ut
2240 3568 2383 3610 recte

1364 3636 1608 3690 observat
1630 3636 1841 3691 criticus
1864 3649 2071 3701 noster,
2094 3654 2261 3707 quum
2273 3638 2383 3690 Ro-

1363 3716 1532 3768 manis
1562 3716 1865 3770 societatem
1891 3714 2141 3770 adversus
2167 3715 2382 3769 liberta·

1365 3805 1471 3847 tem
1491 3793 1769 3847 Gallorum
1795 3797 1933 3850 male
1963 3796 2094 3848 olim
2123 3795 2382 3863 inieram

1364 3874 1457 3926 sed
1506 3893 1567 3926 ea
1603 3876 1760 3928 semel
1797 3876 1925 3929 inita
1941 3913 1959 3941 ‚
1998 3887 2112 3927 tum
2163 3888 2385 3947 propter

1360 3955 1447 4026 jus
1486 3965 1538 4007 et
1574 3953 1926 4020 honestatem,
1959 3967 2074 4007 tum
2102 3968 2385 4026 propterea

1365 4032 1510 4106 quod
1539 4033 1665 4105 ipsis
1695 4030 1839 4100 dicto
1877 4046 2012 4088 stare
2049 4034 2386 4106 potissimum

1366 4114 1495 4168 utile
1510 4126 1667 4179 esset,
1678 4129 1886 4178 servare
1901 4112 2223 4169 debuissent.

1449 4200 1500 4259 4.
1534 4195 1760 4249 Tametsi.
1786 4195 2029 4249 Muretus
2064 4194 2193 4268 legit
2230 4208 2386 4248 tamen

1371 4280 1461 4329 etsi
1473 4315 1490 4341 ,
1524 4293 1637 4329 non
1663 4276 1798 4334 male
1818 4313 1836 4344 ‚
1884 4273 1975 4333 sed
2002 4288 2188 4332 contra
2228 4275 2383 4331 codd.
