3111 5147
713 454 903 596 296'
970 505 1047 572 c.
1099 502 1382 571 JULII
1446 499 1913 569 cAESAms
1978 496 2522 567 coMMENT.

707 658 834 727 que
875 634 1258 704 Narbonem
1279 686 1300 721 ,
1323 657 1472 752 quae
1509 631 1657 702 loca
1684 630 2005 701 hostibus
2012 642 2203 698 erant
2240 627 2560 713 finitima,
2590 623 2820 695 consti·

706 740 873 808 tuit:
915 755 1172 835 partem
1215 741 1558 835 copiarum
1594 763 1675 807 ex
1709 736 2086 856 provincia,
2131 733 2790 872 supplementumque
2806 783 2827 818 ,

706 846 887 940 quod
928 872 1011 916 ex
1047 845 1236 916 Italia
1290 846 1689 932 adduxerat,
1729 846 1800 912 in
1846 827 2157 913 Helvios⁴
2161 894 2181 929 ,
2218 842 2330 935 qui
2370 838 2538 909 fines
2590 840 2826 909 Arver-

707 976 947 1022 norum
989 954 1419 1048 eontingunt,
1454 952 1808 1020 convenire
1835 950 2042 1044 jubet.

814 1060 1001 1127 VIII.
1059 1060 1178 1127 His
1214 1058 1409 1127 rebus
1444 1057 1841 1151 comparatis
1859 1109 1878 1144 ,
1907 1076 2206 1150 represso
2232 1055 2371 1148 jam
2411 1052 2725 1122 Lucterio
2766 1063 2831 1119 et

709 1178 966 1233 remoto
982 1218 1002 1252 ,
1023 1164 1201 1258 quod
1228 1167 1472 1232 intrare
1499 1165 1671 1231 intra
1695 1162 1993 1257 praesidia
2023 1159 2464 1257 periculosum
2493 1157 2768 1253 putabat
2786 1154 2831 1244 ¹,

711 1271 780 1338 in
818 1270 1087 1339 Helvios
1129 1270 1602 1364 proficiscitur:
1630 1271 1752 1338 etsi
1788 1292 1980 1337 mons
2022 1270 2337 1338 Cevenna
2352 1264 2401 1354 ²,
2438 1267 2551 1360 qui
2591 1268 2827 1333 Arver-

713 1398 836 1444 nos
878 1374 962 1443 ab
1005 1374 1252 1445 Helviis
1306 1372 1649 1462 discludit,
1687 1374 2034 1444 durissimo
2075 1389 2375 1468 tempore
2421 1372 2574 1440 anni
2592 1424 2615 1459 ,
2653 1368 2829 1438 altis·

714 1481 878 1549 sima
928 1482 1080 1550 nive
1134 1464 1259 1551 iter
1305 1481 1749 1578 impediebat;
1799 1496 2021 1549 tamen
2065 1479 2359 1550 discussa
2414 1478 2562 1546 nive
2612 1477 2714 1545 VI
2762 1477 2831 1543 in

714 1582 1122 1657 altitudinem
1180 1588 1479 1719 pedum,
1529 1603 1726 1682 atque
1786 1589 1879 1656 ita
1941 1586 2060 1656 viis
2125 1584 2515 1681 patefactis,
2570 1606 2828 1653 summo

713 1691 996 1762 militum
1017 1680 1283 1763 labore³
1299 1694 1384 1762 ad
1413 1694 1577 1763 fines
1604 1695 2059 1762 Arvernorum
2084 1692 2399 1787 pervenit.
2422 1688 2687 1780 Quibus
2715 1713 2833 1783 op-

712 1800 952 1892 pressis
989 1798 1478 1894 inopinantibus
1497 1852 1518 1887 ,
1543 1799 1724 1893 quod
1753 1823 1822 1867 se
1857 1800 2217 1886 Cevenna,
2247 1812 2327 1867 ut
2352 1821 2590 1883 mure,
2622 1795 2832 1864 muni—

714 1916 818 1971 tos
847 1905 1343 1990 existimabant,
1372 1927 1449 1972 ac
1477 1906 1562 1972 n'e
1591 1904 1903 1998 singulari
1930 1890 2236 1998 quidem⁴
2262 1922 2557 1997 unquam
2584 1901 2833 1972 homini

714 2032 796 2076 eo
824 2022 1122 2102 tempore
1152 2012 1307 2078 anni
1335 2011 1580 2078 semitae
1608 2023 2001 2104 patuerant3
2030 2009 2353 2104 equitibus
2380 2012 2710 2102 imperat,
2734 2021 2834 2095 ut,

714 2136 914 2207 quam
975 2112 1285 2185 latissime
1341 2115 1629 2210 possint,
1683 2130 2052 2247 vagentur,
2104 2130 2172 2185 et
2231 2139 2430 2209 quam
2476 2116 2832 2183 maximum

715 2218 1015 2291 hostibus
1059 2236 1379 2292 terrorem
1418 2208 1764 2293 inferant&
1800 2221 2118 2292 Celeriter
2155 2222 2296 2292 haec
2334 2221 2511 2291 fama
2550 2245 2631 2289 ac
2669 2244 2829 2288 nun—

798 2420 852 2477 4.
879 2415 1094 2469 Helvios.
1122 2415 1233 2468 Hos
1263 2415 1451 2468 Strabo
1472 2416 1666 2486 Geogr.
1690 2416 1728 2468 l.

718 2509 796 2554 xv,
814 2512 868 2563 p.
900 2512 1020 2562 190,
1044 2485 1243 2555 Dotion:
1271 2507 1450 2559 vocat3
1473 2507 1526 2547 et
1558 2495 1730 2548 Ciacc.

717 2571 1014 2626 insuocod.
1025 2573 1222 2644 reperit
1236 2573 1384 2627 Iluos.
1395 2576 1623 2645 Atgroec.
1634 2575 1730 2630 int.

714 2640 928 2713 metm,
947 2664 1001 2705 et
1029 2653 1086 2704 in
1106 2654 1301 2706 nostris
1321 2652 1477 2707 codd.
1506 2654 1729 2718 Helvios,

718 2746 836 2798 quae
851 2731 1008 2784 lectio
1019 2733 1248 2803 genuina
1262 2730 1489 2786 videtur.
1504 2733 1735 2787 Pessime

717 2810 811 2881 qui
831 2810 1013 2882 legunt
1037 2812 1295 2865 Helvetios.

800 2890 927 2943 Cu.
955 2891 1109 2944 VIII.
1150 2911 1197 2946 1.
1230 2893 1420 2946 Intrare
1449 2896 1577 2944 intr-a
1601 2912 1733 2963 proe-

718 2970 1155 3040 sidiapericulosum
1167 2972 1388 3043 putabat.
1408 2972 1532 3025 Haec
1554 2973 1739 3026 Clark.

717 3050 881 3103 refert
918 3049 986 3103 ad
1028 3052 1335 3106 Lucterium
1352 3091 1370 3119 ,
1398 3052 1502 3105 hoc
1546 3052 1732 3105 modo:

720 3131 942 3182 Lucterio
984 3144 1185 3194 remoto,
1226 3133 1384 3204 quod,
1420 3131 1542 3202 quia
1583 3133 1627 3184 is
1667 3136 1738 3184 in·

720 3221 879 3273 trare,
906 3222 1064 3263 etc....
1099 3208 1658 3276 Cossus-(subauditur)
1684 3216 1736 3264 in

718 3288 915 3341 Helvios
940 3289 1282 3359 proficiscitur.
1316 3289 1565 3343 Presidio
1593 3291 1737 3345 enim

716 3367 776 3420 in
794 3367 1013 3420 Rutenis
1025 3368 1437 3440 provincialibus
1450 3371 1736 3425 constitue·

717 3459 839 3500 rant
867 3447 1111 3500 Romani.
1135 3446 1263 3520 Sup.
1287 3466 1334 3500 c.
1358 3466 1414 3517 7·

805 3547 857 3579 2.
877 3526 1112 3579 Cevenna.
1134 3527 1240 3580 Alii
1254 3564 1272 3593 ,
1304 3526 1552 3581 Cebenna.
1577 3525 1734 3583 Male.

802 3607 855 3658 3.
871 3605 1065 3657 Summo
1077 3607 1278 3658 militum
1293 3607 1469 3659 labore.
1485 3607 1612 3660 Pars
1625 3628 1737 3662 ma-

719 3685 858 3736 xima
884 3683 1041 3737 codd.
1061 3685 1220 3738 habet
1246 3686 1434 3738 sudore.
1452 3687 1613 3752 Quod
1626 3708 1736 3741 non

719 3761 964 3835 displicet
993 3782 1058 3816 ex
1094 3765 1332 3829 Velleio,
1360 3767 1479 3818 val.
1512 3768 1653 3821 Max.
1685 3782 1736 3822 et

718 3843 858 3896 Plin.
875 3844 931 3895 in
954 3843 1470 3914 epistolis.Velleius,
1496 3864 1571 3911 11,
1590 3851 1692 3903 128
1718 3865 1734 3901 z

723 3922 873 3990 Quod
897 3922 1198 3975 nobilissimis
1227 3943 1404 3975 summo
1434 3945 1537 3976 cum
1570 3927 1739 3979 sudore

719 4002 1091 4075 consequendum
1118 4003 1271 4070 soret.
1294 4004 1415 4057 Val.
1448 4005 1589 4058 Max.
1620 4025 1737 4072 vn,

1154 4183 1206 4215 ‘B
1299 4183 1346 4213 35
1368 4183 1398 4214 a
1420 4183 1491 4213 em
1664 4186 1736 4220 αἱ.

718 4236 894 4303 Quare
909 4277 925 4305 ‚
953 4241 1129 4310 inquit
1148 4240 1497 4313 Oudendorp.
1512 4281 1528 4309 ,
1548 4263 1736 4313 parum

1818 2415 1965 2469 abest
1987 2415 2117 2487 quin
2143 2414 2404 2468 affirmem
2433 2432 2463 2465 ι
2494 2412 2824 2476 Casu-effluo

1818 2514 1966 2548 more
1996 2513 2291 2568 synonyma
2316 2497 2593 2566 jungente,
2605 2509 2830 2563 quorum

1819 2577 2043 2628 alterum
2067 2576 2233 2629 altero
2245 2575 2565 2647 explicatur,
2580 2571 2832 2645 scriptum

1819 2655 1979 2709 fuisse
2007 2656 2178 2707 sudore
2219 2674 2278 2705 ac
2322 2653 2506 2716 labore,
2541 2664 2605 2705 nt
2632 2652 2831 2706 locutus

1819 2748 1899 2787 est
1942 2735 2130 2788 Cicero
2173 2753 2275 2806 pro
2322 2733 2546 2788 Fonteio
2560 2770 2580 2798 ,
2611 2750 2727 2804 cap.
2764 2751 2786 2785 ι
2815 2749 2831 2784 z

1820 2813 2070 2888 Multoque
2106 2817 2206 2884 ejus
2243 2814 2415 2865 sudore
2456 2834 2516 2865 ac
2554 2811 2718 2864 labore
2751 2809 2833 2864 sub

1818 2894 1883 2946 P.
1899 2895 1962 2947 R.
1978 2897 2217 2964 iumen-ium
2229 2893 2542 2966 ditionemque
2554 2892 2832 2944 oeciderunt.

1903 2979 1957 3037 4.
1984 2973 2066 3027 Ac
2088 2973 2399 3043 nesius-alvi
2418 2970 2835 3045 quidemlnood.

1820 3066 2002 3106 nostro
2038 3053 2187 3123 5764
2223 3065 2372 3106 vacat
2399 3071 2504 3106 vox
2533 3051 2724 3125 quidem
2738 3090 2755 3114 ‚
2786 3063 2837 3104 et

1818 3133 1990 3204 reipsa
2013 3145 2189 3204 potest
2211 3132 2403 3185 abesse.
2432 3132 2652 3195 Florus,
2679 3132 2718 3184 l.
2738 3149 2836 3198 ιιι,

1821 3230 1867 3265 c.
1889 3230 1986 3283 17:
2011 3211 2839 3284 Ueneprimailliusfhmaposoet

1820 3296 2058 3345 sustineri.
2085 3292 2163 3344 Ea
2191 3303 2367 3344 tamen
2405 3290 2590 3362 legitur
2616 3289 2675 3340 in
2716 3289 2835 3342 aliis

1821 3370 1978 3424 codd.
2000 3384 2054 3424 et
2085 3371 2142 3423 in
2170 3371 2365 3443 vulgat.
2393 3368 2512 3424 edit.

1905 3451 1956 3502 5.
1975 3450 2052 3502 Et
2067 3469 2208 3522 quam
2228 3455 2712 3503 maximum-orent
2732 3448 2837 3499 hos-

1824 3529 1945 3582 tibus
1958 3531 2141 3597 infit-an
2146 3542 2180 3581 t.
2195 3529 2457 3585 Cevenna
2467 3528 2664 3581 montis
2675 3540 2840 3582 tram-

1822 3609 1926 3662 itus
1947 3609 2080 3662 facta
2105 3609 2244 3662 inter
2268 3608 2511 3662 miranda
2531 3605 2837 3662 referendus

1821 3687 2032 3742 videtur
2048 3727 2066 3756 ,
2110 3707 2228 3760 quo
2271 3688 2835 3741 consummatissimum

1822 3781 2052 3840 arguunt
2085 3767 2290 3822 ducem.
2330 3768 2464 3821 Belli
2502 3768 2839 3820 summamin

1820 3848 2068 3901 hostilem
2095 3847 2365 3919 regionem
2406 3847 2694 3900 uansferre
2743 3847 2839 3900 fnit

1823 3946 1937 3980 mos
1964 3940 2208 3980 constans
2244 3926 2493 3993 cesaris,
2531 3924 2627 3979 sed
2657 3939 2714 3979 et
2741 3927 2839 3979 hoc

1822 4007 1941 4058 loco
1966 4006 2299 4078 potissimum
2325 4005 2520 4072 valuit,
2549 4004 2703 4077 quod
2731 4006 2839 4059 ani-

1822 4084 2117 4140 madvertet
2142 4086 2338 4150 lector,
2362 4082 2526 4137 modo
2550 4082 2620 4136 ad
2655 4085 2839 4137 seriem

1823 4179 2109 4220 eventuum
2135 4163 2385 4218 attendat.
2406 4163 2533 4216 Hoc
2563 4175 2743 4218 autem
2754 4182 2841 4216 ex·

1822 4244 2025 4314 poditio
2056 4243 2272 4304 Caesaris
2312 4244 2371 4298 in
2414 4243 2716 4312 meu-nos,
2758 4254 2840 4298 ut-
