3111 5147
536 547 677 614 DE
727 547 1074 615 BELLO
1128 547 1623 638 GALLICO.
1680 553 1867 621 LIB.
1922 556 2007 623 V.
2204 558 2350 654 ‚189

207 704 432 774 neque
465 691 623 774 post
663 677 731 746 id
779 692 1041 774 tempus
1080 704 1374 774 unquam
1389 752 1396 760 ,
1417 669 1725 753 summis⁵
1760 686 2106 756 nobiscum
2148 692 2353 784 copiis

206 787 440 856 hostes
485 784 987 854 contenderunt.

317 894 586 962 XVIII.
644 893 900 978 Caesar,
925 894 1193 987 cognito
1222 892 1495 963 consilio
1530 919 1764 964 eorum
1783 950 1803 984 ‚
1832 897 1916 966 ad
1945 899 2192 970 flumen
2226 905 2350 972 Ta-

212 1000 430 1068 mesin
461 999 531 1065 in
567 997 733 1068 fines
760 997 1233 1070 Cassivellauni
1267 1001 1627 1070 exercitum
1653 1002 1872 1091 duxit3
1898 1006 2077 1098 quod
2105 1008 2351 1080 flumen

115 1151 120 1164 .
213 1130 354 1176 uno
379 1106 658 1174 omnino
681 1102 828 1173 loco
846 1103 863 1127 ¹
893 1105 1204 1200 pedibus,
1226 1120 1423 1201 atque
1451 1106 1583 1184 hoc
1605 1132 1808 1202 aegre‚
1828 1113 2087 1180 transiri
2116 1129 2349 1207 potest.

217 1214 319 1280 Eo
371 1236 582 1305 quum
645 1212 969 1299 venisset,
1016 1211 1478 1282 animadvertit
1509 1267 1529 1301 ‚
1583 1214 1667 1282 ad
1737 1214 2012 1285 alteram
2066 1218 2352 1304 fluminis

217 1318 437 1411 ripam
471 1340 745 1411 magnas
779 1342 920 1387 esse
955 1319 1179 1413 copias
1214 1319 1500 1388 hostium
1538 1321 1922 1392 instructas:
1952 1324 2096 1418 ripa
2132 1340 2351 1398 autem

218 1438 368 1492 erat
407 1425 615 1492 acutis
657 1423 929 1500 sudibus
981 1424 1264 1519 praefixis
1305 1427 1588 1513 munita3
1631 1427 2054 1522 ejusdemque
2096 1436 2353 1525 generis

223 1529 344 1598 sub
396 1553 570 1624 aqua
611 1528 874 1598 defixae'
915 1530 1108 1600 sudes
1164 1517 1474 1600 flumine³
1516 1533 1926 1625 tegebantur.
1986 1537 2104 1604 His
2156 1539 2351 1608 rebus

227 1637 500 1730 cognitis
543 1659 584 1703 a
632 1637 907 1730 captivis
955 1636 1417 1732 perfugisque,
1469 1640 1733 1727 Caesar‚
1787 1643 2124 1734 praemisso
2170 1647 2348 1737 equi-

227 1754 398 1830 tatu,
433 1740 782 1811 confestim
820 1740 1106 1878 legiones
1138 1743 1446 1837 subsequi
1481 1744 1690 1836 jussit.
1739 1746 1870 1814 Sed
1901 1772 1979 1816 ea
2020 1746 2350 1820 eeleritate

227 1863 418 1940 atque
440 1874 522 1918 eo
553 1849 807 1942 impetu
822 1834 1113 1917 ⁴milites
1143 1852 1393 1937 ierunt,
1422 1873 1627 1942 quum
1658 1853 1871 1944 capite
1900 1852 2043 1923 solo
2064 1878 2149 1922 ex
2180 1880 2351 1948 aqua

228 1968 596 2042 exstarent,
645 1969 722 2024 ut
777 1954 1002 2024 hostes
1045 1956 1366 2073 impetum
1415 1953 1749 2048 Ιεςιοιιιιιιι
1805 1973 2002 2052 atque
2056 1962 2348 2053 equitum

227 2062 548 2129 sustinere
581 2086 713 2129 non
757 2075 1027 2154 possent
1041 2114 1062 2147 ,
1102 2063 1406 2156 ripasque
1448 2061 1853 2134 dimitterent
1866 2117 1887 2153 ‚
1926 2089 2005 2138 ac
2054 2090 2123 2134 se
2178 2066 2349 2161 fugai

227 2165 630 2235 mandarent.

331 2274 520 2340 XIX.
560 2273 1118 2363 Cassivellaunus,
1143 2290 1222 2344 ut
1249 2297 1451 2370 supra
1483 2275 2113 2350 demonstravimus⁸
2120 2327 2141 2366 ,
2167 2283 2349 2380 omni

229 2378 519 2473 deposita
581 2405 695 2498 spe
751 2384 1227 2470 contentionis,
1277 2382 1555 2452 dimissis
1622 2382 2047 2478 amplioribus
2105 2386 2348 2504 copiis,

231 2484 506 2555 millibus
567 2487 826 2557 circiter
879 2503 1163 2583 quatuor
1219 2488 1697 2560 essedariorum
1764 2488 2037 2561 relictis'
2050 2493 2346 2590 ‚itinera

307 2672 356 2725 5.
375 2672 603 2726 Smmnis.
628 2673 730 2725 vel
746 2673 1024 2740 omnibus,
1047 2675 1130 2726 vel
1144 2692 1242 2765 po

236 2750 350 2816 tius,
364 2764 424 2805 nt
444 2752 596 2805 vult
582 2765 801 2823 interpr.
815 2771 965 2823 grac.
983 2754 1242 2825 ,magnis,

234 2833 550 2886 numer-osis:
573 2835 732 2886 οὐκέτι
750 2839 904 2902 πολλῇ
918 2829 1128 2905 δυνάμει
1143 2837 1241 2893 τοῖς

233 2913 458 2981 Ρωμαιοις
489 2913 766 2983 συνέμιξαν.
909 2966 914 2973 ,

304 2992 427 3044 Cn.
454 2992 665 3044 XVIII.
705 3010 752 3045 1.
775 2992 882 3044 Uno
905 2997 1095 3043 omnim>
1112 2992 1239 3053 loco,

231 3082 311 3121 erc.
339 3070 510 3142 Supra
531 3069 838 3124 Londinum
868 3085 1038 3136 certe,
1023 3089 1037 3103 ·
1059 3084 1111 3124 at
1134 3090 1243 3142 quo

231 3149 370 3216 loco,
388 3170 500 3204 non
514 3164 736 3207 constat.
752 3153 872 3204 Iam
897 3152 1021 3205 satis
1037 3150 1243 3221 longius

230 3243 521 3299 penetrarat
549 3231 606 3283 in
639 3232 907 3287 Britannia
934 3232 1123 3285 Caesar.

307 3329 357 3363 2.
389 3310 493 3363 Sub
514 3330 642 3382 aqua
672 3310 859 3380 defisoe.
897 3312 1020 3375 Quo
1054 3310 1243 3363 transi-

232 3401 336 3441 tum
361 3390 714 3461 impedirent,
739 3389 1083 3443 retardarent.

309 3471 358 3522 3.
372 3471 423 3522 F
421 3471 610 3523 lumine.
626 3471 836 3541 Lipsius
853 3470 1132 3522 Polior-cet.
1145 3469 1238 3521 lib.

231 3550 299 3600 V.
318 3546 442 3600 dial.
463 3549 959 3621 &conjicjtpcmbm
985 3563 1037 3602 et
1059 3561 1243 3601 testem

227 3626 453 3680 advocat
476 3627 697 3695 Bedam,
720 3630 872 3701 quil.
902 3648 1012 3694 1,c.
1035 3649 1084 3682 2.
1106 3628 1241 3681 Ηίει.

227 3707 363 3779 angl.
406 3709 480 3760 ait
518 3727 533 3762 ε
568 3729 763 3781 quarum
807 3713 1016 3777 wtzssga’a
1057 3710 1244 3760 sudium

228 3787 396 3839 ibidem
418 3807 562 3859 usque
579 3790 718 3841 hodie
737 3793 986 3851 visumar,
1010 3791 1140 3861 quod
1150 3793 1247 3840 sin-

224 3869 349 3935 gnloe
367 3888 529 3919 earum
548 3869 619 3921 ad
631 3869 820 3922 modum
838 3870 1033 3921 humani
1042 3872 1243 3937 semoris

227 3966 402 4014 μακε
416 3987 431 4010 ,
460 3960 512 3999 et
561 3951 857 4016 circumsusoe
897 3949 1092 4019 plumbo
1105 3988 1120 4012 ,
1156 3954 1245 4001 im-

228 4029 459 4079 mobiliter
492 4029 708 4081 hat-eant
747 4034 797 4080 in
834 4029 1124 4099 prosmidum
1137 4031 1244 4099 flu-

228 4112 360 4159 minis
379 4107 563 4178 infisoe.
594 4110 663 4160 At
683 4128 714 4161 a
732 4109 935 4161 Caesare
949 4108 1004 4160 h.
1030 4109 1067 4161 l.
1094 4105 1247 4160 sudes

225 4183 475 4241 dicuntur
500 4200 667 4240 acuta
681 4225 699 4253 ,
731 4207 840 4240 non
871 4188 1094 4259 plumbo
1143 4186 1248 4239 cir·

221 4268 502 4335 cumfusae3
531 4280 784 4339 praterea
806 4269 1066 4321 incertum
1088 4278 1165 4320 est
1181 4284 1248 4318 an

1330 2671 1398 2727 de
1426 2672 1650 2729 sudibus
1673 2674 1728 2728 h.
1749 2672 1786 2727 l.
1816 2677 2146 2742 memoratis,
2168 2688 2258 2729 aut
2282 2672 2348 2731 de

1329 2752 1444 2806 aliis
1459 2750 1601 2807 Beda
1615 2754 1824 2807 locutus
1836 2756 1932 2809 sit:
1954 2774 2169 2828 quoquo
2186 2756 2349 2809 modo

1328 2833 1547 2889 minime
1573 2834 1903 2889 sollicitanda
1928 2848 2007 2889 est
2022 2837 2209 2905 lectio,
2232 2856 2349 2908 qno

1329 2912 1464 2966 bene
1481 2933 1536 2965 se
1561 2913 1735 2965 hahet.

1413 3000 1465 3056 4.
1480 2991 1583 3044 Sed
1590 3012 1647 3043 ea
1659 3012 1711 3043 ce
1685 2994 1917 3052 elce-atate,
1937 3012 1991 3044 eo
2005 2998 2193 3063 impetu.
2204 2996 2345 3047 Illud

1328 3069 1624 3124 notandum
1653 3085 1731 3124 est
1753 3069 1899 3142 quod
1911 3072 2191 3141 Polyoenus
2212 3074 2284 3125 ait
2306 3076 2342 3126 l.

1329 3169 1453 3214 vm,
1468 3164 1677 3221 stratag.
1696 3171 1723 3204 2
1733 3150 1787 3216 3,
1801 3151 1992 3204 Caesari
2010 3151 2347 3221 elephantum

1330 3249 1496 3282 unum
1521 3231 1579 3282 in
1616 3230 1887 3283 Britannia
1917 3228 2104 3295 fuisse,
2135 3233 2221 3284 cui
2249 3233 2347 3284 im-

1329 3312 1498 3380 posita
1523 3311 1718 3376 turrim
1750 3312 1965 3381 ejusque
2002 3322 2202 3363 terrore
2233 3313 2349 3365 Bri-

1331 3402 1519 3443 tannos
1566 3389 1794 3461 dilapsos
1849 3389 2143 3445 custodiam
2184 3392 2348 3445 amnis

1329 3468 1631 3523 deseruisse.
1664 3470 1923 3523 Nonnulli
1949 3469 2127 3523 delent
2151 3490 2348 3542 prono-

1329 3568 1452 3605 men
1480 3570 1534 3601 eo
1548 3572 1569 3614 ,-
1599 3561 1653 3602 at
1676 3551 1732 3602 in
1756 3550 1950 3603 nostris
1978 3548 2137 3604 codd.
2156 3552 2352 3622 reperi·

1330 3640 1451 3695 tur,
1481 3642 1533 3683 et
1567 3632 1739 3683 Caesar
1770 3641 1907 3681 amat
1937 3629 2092 3701 plene
2122 3630 2287 3702 loqui.

1412 3711 1538 3762 Ου’.
1557 3709 1707 3762 XIX.
1739 3727 1786 3761 1.
1812 3709 1881 3761 Ut
1893 3729 2037 3780 supra
2056 3709 2348 3762 demonstra-

1329 3792 1503 3843 vimus.
1529 3789 1590 3841 C.
1625 3806 1726 3858 17,
1712 3808 1725 3820 ·
1753 3800 1929 3853 recte,
1948 3788 2044 3841 etsi
2069 3789 2218 3841 aliter
2247 3802 2349 3841 tra-

1332 3866 1424 3923 dat
1468 3867 1707 3919 Oberlin.
1758 3866 1895 3919 Nam
1937 3868 2351 3922 Cassivellaunus

1331 3948 1707 4003 Britannorum
1715 3944 2279 4018 foederatornmoopiis,
2286 3949 2352 4001 ab

1332 4026 1566 4097 ingressu
1592 4024 1825 4078 secundo
1857 4026 2073 4078 Coesaris
2108 4027 2164 4078 in
2188 4028 2355 4098 regio-

1332 4126 1487 4171 nem,
1512 4104 1621 4158 dux
1651 4105 1947 4176 prefuerat.

1418 4206 1466 4239 2.
1525 4186 1739 4238 Relictis.
1785 4184 1870 4237 Al.
1920 4188 2127 4237 retentis.
2173 4184 2355 4243 Minus

1333 4267 1485 4319 bene.
1508 4263 1703 4320 Sedent
1725 4265 2270 4337 interpretamentum.
