3111 5147
706 538 850 619 272
998 522 1073 589 c.
1128 518 1412 588 JUL11
1467 512 2531 586 CAESARIS-COMMENT.

701 658 839 743 cie,
878 667 945 723 et
978 651 1240 741 colore,
1281 666 1349 721 et
1388 650 1603 746 figura
1641 650 1829 718 tauri.
1886 649 2136 743 Magna
2174 642 2274 716 vis
2317 662 2417 718 est
2457 667 2730 737 eorum,
2764 664 2828 718 et

699 784 944 855 magna
984 759 1340 829 velocitas:
1374 780 1589 850 neque
1625 755 1913 840 homini,
1950 778 2166 849 neque
2206 754 2365 823 ferae
2378 778 2627 849 ,quam
2672 778 2828 825 con-

701 868 1068 960 spexerint,
1096 877 1394 960 parcunt.
1427 866 1568 931 Hos
1592 861 1878 930 studiose
1909 861 2115 930 foveis
2147 875 2376 956 captos
2405 861 2829 931 interficiunt.

701 976 850 1042 Hoc
893 998 963 1042 se
1007 971 1230 1040 labore
1272 969 1514 1038 durant
1555 952 1894 1037 homines³
1936 965 2417 1055 adolescentes,
2460 982 2660 1087 atque
2702 968 2834 1038 hoc

701 1103 943 1173 genere
971 1076 1335 1145 venationis
1368 1088 1711 1143 exercent·
1695 1088 1842 1163 ‚et‚
1869 1075 1981 1168 qui
2014 1072 2331 1168 plurimos
2375 1097 2456 1142 ex
2487 1074 2591 1143 his
2630 1075 2830 1143 inter·

703 1184 1035 1270 fecerunt,
1077 1181 1297 1251 relatis
1323 1182 1390 1249 in
1426 1180 1763 1276 publicum
1803 1179 2113 1249 cornibus
2130 1233 2149 1268 ‚
2177 1204 2322 1274 quae
2365 1181 2496 1248 sint
2535 1181 2831 1249 testimo-

703 1293 815 1359 nio
831 1344 851 1378 ,
893 1312 1205 1383 magnam
1242 1287 1461 1357 ferunt
1503 1286 1785 1356 laudem.
1834 1286 1964 1356 Sed
1998 1310 2370 1356 assuescere
2406 1285 2491 1354 ad
2529 1286 2831 1356 homines

703 1410 770 1464 et
809 1394 1226 1464 mansuefieri
1243 1447 1262 1481 ‚
1287 1419 1371 1464 ne
1408 1392 1665 1490 parvuli
1709 1393 1976 1488 quidem
2013 1394 2301 1487 excepti,
2338 1406 2631 1487 possunt.
2668 1395 2829 1462 Am·

701 1500 958 1597 plitudo
989 1525 1314 1570 cornuum
1334 1555 1354 1589 ‚
1390 1516 1457 1570 et
1482 1500 1695 1596 figura
1723 1552 1742 1587 ‚
1770 1514 1837 1568 et
1865 1500 2113 1595 species
2136 1552 2155 1586 ‚
2185 1496 2463 1567 multum
2502 1523 2542 1566 a
2567 1513 2826 1567 nostro·

703 1633 851 1677 rum
894 1609 1099 1677 boum
1141 1607 1451 1678 cornibus
1492 1606 1732 1675 differt.
1780 1609 1939 1676 Haec
1993 1604 2280 1675 studiose
2322 1605 2680 1699 conquisita
2738 1604 2825 1673 ab

704 1712 902 1783 labris
935 1729 1209 1809 argento
1244 1711 1812 1800 circumcludunt,
1848 1727 2043 1808 atque
2072 1714 2141 1781 in
2174 1709 2588 1807 amplissimis
2618 1709 2823 1807 epulis

704 1845 828 1915 pro
867 1819 1120 1915 poculis
1157 1806 1495 1889 utunturffi

808 1930 1062 1995 XXIX.
1108 1928 1330 1997 Caesar
1349 1979 1368 2013 ‚
1390 1938 1742 2045 postquam
1774 1950 1895 2021 per
1916 1892 2128 1995 Ubios
2164 1922 2614 2020 exploratores
2650 1951 2826 1994 com-

702 2032 936 2127 perit¹‚
971 2036 1223 2103 Suevos
1265 2058 1405 2103 sese
1433 2035 1501 2101 in
1542 2032 1738 2103 silvas
1767 2033 2130 2127 recepisse,
2158 2033 2448 2150 inopiam
2468 2029 2830 2101 ²frumenti

703 2140 950 2209 veritus
971 2193 991 2228 ‚
1016 2139 1241 2234 quod,
1263 2154 1340 2209 ut
1362 2163 1565 2235 supra
1586 2139 2249 2225 demonstravitum,
2199 2120 2224 2161 ³
2275 2138 2545 2206 minime
2572 2125 2829 2207 omnes⁴

703 2352 902 2419 majores
929 2349 1215 2402 animalibus
1246 2352 1442 2401 coeteris.
1476 2349 1619 2400 Dian·
1644 2350 1721 2399 ιιι-ἰ

702 2439 837 2491 sant,
870 2429 969 2481 ἀπὸ
985 2434 1083 2480 τῶν
1097 2430 1239 2500 ὀρῶν,
1258 2429 1312 2480 id
1323 2440 1406 2489 est,
1424 2448 1454 2477 α
1467 2426 1716 2478 montibus.

1807 2364 1913 2398 nna
1943 2364 2007 2399 ex
2039 2364 2169 2398 auro
2206 2357 2259 2399 et
2289 2357 2504 2417 argento
2533 2361 2748 2420 reperta
2775 2349 2829 2401 in

1808 2425 1975 2477 Dania
1987 2462 2004 2491 ‚
2018 2424 2084 2478 de
2095 2425 2284 2496 quibus
2297 2426 2569 2479 Sacobaeus
2588 2441 2641 2480 et
2660 2428 2828 2483 Wor·

702 2506 945 2559 Vossms.
967 2507 1056 2558 Nil
1082 2507 1277 2559 mirum
1303 2506 1538 2558 hocloco
1567 2504 1719 2557 nobis

700 2584 914 2638 videtur
927 2604 943 2650 ς
958 2603 1081 2637 nam
1100 2586 1155 2637 in
1171 2585 1435 2655 Pyrenaeis
1449 2584 1720 2636 montibus

703 2664 788 2716 uri
816 2675 1109 2736 potuerunt
1131 2664 1304 2728 nasci,
1330 2673 1390 2714 ut
1404 2680 1563 2734 supra
1578 2660 1717 2716 dixi·

702 2761 821 2796 mus
852 2740 1128 2796 tarandum
1166 2737 1417 2808 (l'e'lan),
1447 2760 1607 2814 quem
1636 2743 1718 2794 vi-

701 2820 840 2875 disse
874 2823 930 2874 in
966 2822 1049 2874 his
1089 2822 1303 2874 saltibus
1338 2833 1558 2875 testatur
1587 2822 1720 2876 Gas-

702 2913 796 2954 ton
827 2901 1056 2955 Phoebus
1087 2899 1227 2974 apud
1253 2902 1472 2969 Buffon,
1500 2901 1537 2953 l.
1573 2902 1717 2957 citat.

784 2982 837 3035 3.
860 2983 1061 3034 Duram
1088 2982 1309 3035 homine-5.
1342 2980 1468 3035 Hac
1498 3001 1603 3035 vox
1631 2984 1718 3035 ko-

702 3064 846 3114 mines
883 3063 940 3115 in
970 3062 1240 3114 nonnullis
1269 3060 1425 3115 codd.
1459 3060 1619 3115 deest.
1652 3064 1717 3114 Ιιι

700 3154 883 3195 nostro
913 3140 1032 3195 cod.
1071 3142 1249 3214 5763,
1279 3141 1610 3193 adolescentes.

782 3227 836 3285 4.
859 3223 921 3275 In
940 3222 1238 3292 amplissimis
1253 3222 1401 3291 epulis
1422 3240 1515 3291 pm
1528 3223 1719 3291 poculis

701 3311 914 3353 uantur.
928 3298 1193 3366 Isidorus,
1216 3299 1364 3369 Orig.
1390 3300 1426 3352 l.
1452 3318 1621 3364 111,c.
1649 3318 1669 3352 1
1702 3320 1715 3354 :

707 3380 799 3432 Uri
827 3392 1034 3450 agrestes
1054 3380 1189 3431 boves
1213 3391 1328 3430 sunt
1347 3382 1398 3429 in
1427 3378 1713 3442 Germania,

701 3459 922 3511 habentes
945 3478 1121 3510 cornua
1152 3462 1203 3510 in
1240 3469 1421 3509 tantum
1455 3469 1681 3528 protensa
1698 3497 1712 3521 ,

701 3549 758 3589 ut
784 3543 927 3609 regiis
966 3541 1133 3590 mensis
1165 3541 1341 3607 insigni
1367 3543 1631 3608 capacitate
1659 3558 1719 3588 ex

701 3620 760 3668 iis
802 3619 986 3687 geruloe
1016 3616 1165 3687 fiant.
1216 3617 1431 3688 Legerat
1482 3614 1719 3669 Isidorus

698 3698 858 3750 verba
906 3697 1070 3749 Solini
1114 3694 1337 3748 dicentis
1369 3714 1384 3748 ε
1423 3696 1616 3749 Cornua
1667 3701 1718 3747 in

701 3786 882 3829 tantum
921 3776 1295 3847 protenduntur,
1334 3788 1390 3827 ut
1425 3777 1615 3848 daugma
1657 3776 1718 3827 ob

697 3859 927 3926 insignem
949 3861 1255 3928 capacitatem
1274 3858 1396 3907 inter
1412 3861 1567 3924 regias
1588 3875 1715 3908 men-

696 3954 776 3986 sas
809 3949 1008 4007 potuum
1046 3936 1215 4007 gemla
1241 3933 1390 4005 fiant.
1431 3935 1589 3988 Unde
1627 3936 1717 3988 ille

696 4032 1006 4085 pro-cornua
1019 4029 1218 4087 potuum
1246 4016 1418 4086 gerula
1441 4034 1633 4068 novam
1662 4028 1717 4068 et

695 4093 972 4147 barbaram
992 4114 1176 4150 vocem
1200 4096 1382 4167 geruloe
1399 4094 1633 4157 effinxit,
1663 4107 1716 4148 et

697 4190 796 4242 pro
820 4191 947 4226 vase
956 4187 1044 4227 aut
1055 4176 1248 4247 poculo
1261 4176 1445 4228 utitur.
1466 4175 1710 4228 Vossius.

695 4250 834 4304 Nota
849 4266 1048 4322 autem,
1071 4255 1246 4326 inquit
1258 4254 1715 4320 Oberl.,essecor·

1806 2505 1959 2557 mins.
1994 2505 2057 2556 In
2090 2505 2233 2557 fastis
2270 2506 2519 2573 Runicis‚
2550 2506 2667 2560 festi
2715 2507 2825 2560 dies

1806 2584 1974 2656 epulis
2004 2586 2251 2638 celebrati
2274 2598 2529 2640 notantur
2554 2589 2825 2642 cornibus.

1806 2666 1886 2717 De
1917 2663 2030 2718 aliis
2060 2663 2182 2717 vide
2214 2666 2529 2718 Athenaeum
2556 2684 2632 2730 ιι,
2658 2687 2702 2721 c.
2732 2669 2820 2723 51.

1885 2744 2014 2798 Ciu».
2041 2743 2244 2797 XXIX.
2288 2764 2336 2798 1.
2373 2744 2634 2817 Conquerit.
2654 2748 2820 2818 Repe-

1805 2823 1871 2877 tit
1881 2824 2235 2877 narrationem
2252 2825 2624 2898 interruptam,
2637 2844 2666 2877 a
2685 2827 2748 2880 C.
2768 2845 2819 2880 x.

1889 2924 1939 2956 ιι.
1958 2905 2423 2974 Inopiamsrumentt'
2437 2910 2640 2959 veritus.
2656 2906 2825 2960 Aliam

1804 2981 2007 3036 reditus
2034 3002 2242 3036 causam
2269 2984 2423 3037 affert
2452 2985 2556 3038 Dio
2587 2986 2624 3039 l.
2656 3005 2743 3052 ιι,
2768 3005 2822 3057 p.

1811 3063 1952 3116 135·
1980 3052 2078 3116 Ἐπὶ
2112 3058 2172 3115 δὲ
2203 3059 2308 3127 δὴ,
2331 3064 2537 3135 inquit,
2559 3085 2672 3125 τους
2696 3071 2822 3118 lm·

1803 3161 1942 3206 τους,
1965 3145 2028 3204 ὣς
2052 3141 2134 3195 καὶ
2164 3145 2265 3203 τοῖς
2290 3144 2560 3215 Τριοΰῆροις
2587 3142 2825 3200 &onomat

1805 3223 2125 3282 ἐθελήσαντας
2158 3222 2386 3292 depuis-tue
2414 3222 2495 3274 καὶ
2526 3224 2704 3291 ἔπραξε
2732 3225 2822 3293 μὲν

1805 3296 1920 3353 οὐδὲ
1944 3302 2055 3354 τότε
2082 3297 2222 3353 οὐδὲν
2236 3340 2252 3367 ,
2270 3302 2393 3355 ἀλλὰ
2409 3304 2490 3355 καὶ
2511 3296 2599 3352 διὰ
2618 3304 2814 3369 ταχέων

1804 3378 1935 3451 φόέῳ
1964 3388 2061 3433 τῶν
2084 3379 2306 3437 Σουῆΰων
2333 3380 2683 3450 ἰπανεχόρησι.
2705 3380 2818 3434 Cur

1804 3460 1994 3512 Caesari
2036 3458 2167 3512 fides
2209 3475 2320 3513 non
2360 3459 2735 3513 adhiberetur?
2767 3461 2821 3513 Is

1802 3538 1944 3589 enim
1975 3551 2085 3591 erat
2127 3539 2425 3612 intrepidus
2466 3553 2518 3592 et
2559 3538 2733 3593 audax
2765 3541 2822 3593 in

1803 3619 1907 3670 suis
1934 3619 2116 3689 coeptis
2131 3656 2147 3683 ,
2179 3618 2271 3671 sed
2296 3633 2478 3673 cautus
2508 3632 2666 3692 atque
2698 3640 2831 3692 pru·‚

1801 3695 1931 3750 dens
1958 3698 2013 3749 in
2045 3697 2280 3769 agendo;
2308 3718 2367 3752 ea
2399 3712 2540 3753 certe
2569 3699 2822 3771 praeditus

1802 3775 2083 3830 calliditate
2104 3815 2121 3841 ‚
2153 3791 2211 3829 ut
2240 3780 2334 3850 qui
2366 3780 2478 3850 ipse
2510 3798 2635 3832 cum
2664 3781 2822 3833 simu-

1801 3855 1995 3908 latione
2025 3858 2230 3911 timoris
2261 3876 2320 3909 ac
2353 3858 2487 3929 fugae
2520 3860 2651 3912 alios
2681 3856 2823 3912 haud

1802 3937 1959 3989 semel
1987 3933 2285 4008 deceperit,
2316 3936 2499 3991 eadem
2527 3951 2641 3992 arte
2677 3931 2824 3992 facile

1801 4017 1917 4087 capi
1948 4018 2262 4088 nequiverit.

1885 4096 1937 4148 3.
1954 4119 1961 4126 ·
1977 4096 2048 4148 Ut
2072 4115 2217 4168 supra
2237 4097 2673 4152 demonstravimus.
2694 4094 2821 4149 Vid.

1803 4193 1916 4247 cap.
1955 4196 2045 4229 υ.
2074 4177 2233 4249 hujus
2250 4176 2397 4230 libri.

1881 4261 1939 4319 4.·
1956 4255 2150 4311 Omnes.
2176 4257 2322 4329 Lips.
2350 4257 2564 4329 reponit
2588 4260 2793 4309 omm’urn
2807 4275 2827 4317 ‚·
