3111 5147
779 501 947 590 '388
1111 521 1188 587 c.
1243 516 1525 585 JULII
1580 513 2039 584 cAEsAms
2092 514 2667 582 COMMENT.·

793 650 877 719 ad
915 651 1328 745 eruptionem
1363 660 1902 742 praeparaverant
1915 629 1966 730 ⁶,
1994 644 2343 739 proferunt
2366 698 2386 731 ‚
2422 648 2675 740 priores
2718 647 2935 715 fossas

791 755 1130 851 explent73
1156 755 1399 824 diutius
1428 755 1497 821 in
1527 754 1605 820 iis
1639 752 1838 819 rebus
1872 749 2405 820 administrandis
2442 753 2711 837 morati,
2743 755 2935 846 prius

789 887 946 933 suos
989 862 1359 931 discessisse
1401 870 1861 953 cognoverunt
1879 911 1898 943 ,
1933 881 2131 950 quam
2176 858 2650 926 munitionibus
2681 882 2933 953 appro-

789 970 1204 1064 pinquarent.
1246 969 1350 1035 Ita
1374 1019 1395 1052 ,
1424 989 1496 1033 re
1531 963 1776 1033 infecta
1802 1016 1821 1052 ‚
1854 965 1921 1031 in
1963 963 2281 1057 oppidum
2328 978 2761 1032 reverterunt.

895 1075 1282 1156 LXXXIII.
1339 1073 1446 1140 Bis
1489 1095 1733 1164 magno
1776 1094 1931 1138 cum
1975 1068 2371 1139 detrimento
2412 1069 2656 1165 repulsi
2700 1067 2883 1138 Galli
2908 1124 2929 1158 ‚

786 1181 945 1275 quid
990 1194 1189 1275 agant
1216 1232 1236 1267 ,
1290 1175 1689 1246 consulunt:
1735 1175 2035 1245 locorum
2090 1178 2337 1270 peritos
2397 1174 2783 1245 adhibent¹:
2836 1177 2929 1244 ab

787 1287 891 1354 his
915 1287 1327 1380 superiorum
1354 1297 1726 1353 castrorum
1747 1286 1911 1352 situs
1932 1284 2461 1376 munitionesque
2487 1298 2922 1377 cognoscunt.

787 1394 952 1460 Erat
970 1415 1010 1459 a
1040 1389 1621 1486 septemtrionibus
1677 1387 1860 1458 collis
1895 1414 2152 1483 ,quem
2198 1403 2472 1484 propter
2519 1389 2921 1484 magnitudi-

786 1522 940 1567 nem
961 1497 1325 1567 ²cireuitus
1363 1521 1564 1592 opere
1602 1442 2051 1626 circumplecti
2095 1520 2230 1565 non
2272 1510 2629 1590 potuerant
2670 1498 2923 1583 nostri,

786 1606 1288 1699 necessarioque
1329 1629 1517 1699 paene
1553 1604 1778 1696 iniquo
1823 1586 2033 1688 loco³‚
2076 1617 2144 1670 et
2184 1599 2417 1670 leniter
2459 1599 2741 1686 declivi,
2778 1626 2923 1670 cas-

786 1725 891 1779 tra
934 1711 1244 1780 fecerant.
1291 1713 1450 1778 Haec
1495 1711 1571 1778 C.
1615 1710 1940 1778 Antistius
1981 1709 2322 1802 Reginus,
2366 1723 2433 1776 et
2476 1711 2552 1777 C
2600 1709 2920 1777 Caninius

786 1804 1096 1887 Rebilus⁴
1098 1870 1118 1904 ‚
1147 1815 1343 1911 legati
1364 1867 1383 1903 ‚
1412 1839 1567 1884 cum
1606 1813 1863 1884 duabus
1899 1812 2261 1907 legionibus
2294 1814 2701 1883 obtinebant.
2740 1816 2919 1908 Cog-

785 1924 940 1991 nitis
964 1947 1084 2017 per
1104 1920 1552 2017 exploratores
1580 1920 1993 2014 regionibuS‚
2018 1920 2220 1990 duces
2245 1920 2535 1990 hostium
2565 1922 2691 1988 LX
2718 1919 2921 1989 millia

785 2054 866 2097 ex
899 2030 1082 2098 omni
1105 2052 1383 2098 numero
1410 2026 1706 2121 deligunt
1741 2050 1967 2095 earum
1996 2027 2333 2098 civitatum
2345 2051 2535 2121 ,quae
2564 2028 2917 2095 maximam

783 2136 1046 2204 virtutis
1098 2136 1475 2229 opinionem
1534 2132 1913 2220 habebant3
1957 2132 2158 2227 quid,
2201 2158 2463 2227 quoque
2524 2119 2766 2227 pacto⁵
2811 2135 2911 2227 agi

784 2239 1085 2337 placeat,
1120 2240 1377 2311 occulte
1412 2243 1586 2310 inter
1613 2263 1682 2309 se
1716 2242 2165 2326 constituunt3
2198 2238 2483 2308 adeundi
2512 2254 2772 2359 tempus
2800 2240 2909 2308 de·

781 2347 1065 2434 finiunt,
1105 2373 1313 2442 quum
1349 2330 1694 2416 meridies⁶
1731 2370 1874 2416 esse
1915 2345 2232 2414 videatur.
2278 2348 2368 2415 Iis
2411 2349 2622 2440 copiis
2660 2349 2908 2438 Verge-

1891 2519 2043 2570 Poene
2091 2522 2251 2591 iniquo
2301 2519 2421 2571 Ioco.
2458 2519 2601 2584 Quia
2646 2518 2907 2572 declivitas

870 2526 924 2575 6.
937 2521 1348 2591 Praeparaverant.
1363 2518 1512 2571 Hanc
1524 2517 1806 2570 lectionem

1892 2599 2042 2651 collis
2071 2617 2179 2650 non
2212 2596 2459 2652 adversus
2489 2600 2669 2653 hostes
2694 2613 2827 2666 erat,
2858 2613 2911 2653 et

783 2601 1030 2654 revocavi
1057 2619 1120 2652 ex
1146 2600 1339 2652 nostris
1383 2594 1539 2650 codd.
1587 2610 1641 2650 et
1682 2596 1804 2650 edd.

787 2681 1000 2750 Bipont.
1015 2719 1031 2742 ,
1065 2692 1123 2731 ut
1158 2680 1226 2730 sit
1252 2696 1433 2731 sensus
1465 2694 1478 2729 :
1530 2676 1808 2729 interiores

781 2759 1064 2831 proferunt
1098 2776 1157 2810 ea
1191 2775 1307 2829 qun
1337 2758 1590 2829 imperata
1614 2776 1642 2809 a
1671 2758 1807 2809 Ver-

785 2840 1109 2909 cingetorige
1121 2849 1544 2910 proeparaverant
1558 2833 1806 2889 adversus

786 2921 1070 2972 Romanos.
1092 2919 1320 2989 Vulgata
1336 2917 1495 2971 lectio
1503 2916 1663 2971 habet
1674 2935 1807 2986 proe-

776 3011 961 3070 parata
973 3010 1126 3052 erant.

871 3096 924 3149 7.
939 3079 1302 3145 Prior-essessa
1322 3078 1525 3148 explent.
1546 3076 1807 3129 Particula

781 3171 839 3211 ct
864 3157 1079 3211 videtur
1098 3158 1339 3210 hocloco
1355 3154 1719 3209 desideranda.
1738 3157 1807 3209 At

785 3256 968 3291 vacare
981 3250 1154 3309 potest
1164 3275 1180 3301 ,
1197 3237 1397 3308 quippe
1410 3253 1526 3306 quae
1540 3248 1809 3289 construo-

786 3319 864 3370 tio
878 3318 946 3369 sit
958 3315 1304 3380 ἀσύνδετος,οῐ
1321 3328 1504 3367 nostro
1517 3314 1803 3368 familiaris.

866 3397 995 3450 Cu».
1022 3395 1327 3448 LXXXIII.
1369 3411 1417 3446 1.
1451 3396 1685 3449 Lomnem
1714 3412 1806 3463 pe·

785 3480 904 3528 ritas
926 3476 1167 3527 adhibent.
1183 3475 1251 3525 Et
1278 3471 1366 3537 id,
1382 3484 1440 3525 ut
1466 3485 1609 3525 recte
1631 3474 1806 3526 obscr-

784 3568 874 3607 vnt
897 3556 948 3607 T
942 3559 1081 3624 ιιφὶιι
1109 3554 1168 3605 de
1198 3552 1381 3614 Crisse',
1406 3553 1576 3605 facere
1592 3550 1805 3605 debuis-

785 3646 931 3699 sent,
961 3634 1270 3704 priusquam
1305 3632 1430 3685 valli
1469 3630 1802 3687 obsidionem

781 3712 1125 3768 munitissimi
1167 3712 1278 3765 sine
1321 3713 1500 3765 fructu
1551 3724 1607 3764 et
1638 3712 1801 3765 multa

784 3812 910 3850 cum
936 3795 1140 3865 jactura
1168 3803 1456 3856 tentarent3
1479 3810 1595 3862 cap.
1618 3792 1706 3843 81.

871 3893 922 3926 ει.
937 3874 1089 3941 Quem
1095 3882 1292 3943 propter
1302 3872 1797 3942 ωαςπὶωάῡιαπμθσ.

787 3953 1017 4023 ‘Vulgata
1042 3967 1055 4004 ε
1079 3971 1214 4025 quem
1238 3957 1354 4025 quia
1369 3962 1568 4023 propter
1597 3955 1796 4020 magnit.

786 4032 856 4085 At
867 4051 970 4085 vox
985 4036 1129 4103 quia,
1159 4049 1258 4085 nec
1288 4042 1558 4103 comperet
1584 4030 1643 4083 in
1673 4049 1797 4083 nos·

787 4112 884 4164 tris
913 4110 1072 4164 codd.
1090 4150 1107 4175 ‚
1136 4131 1236 4165 nec
1265 4112 1553 4165 necessarie
1582 4122 1677 4163 est.

865 4191 916 4243 3.
936 4191 1304 4263 Nemeae-abque
1326 4210 1467 4261 poene
1482 4195 1645 4262 iniquo
1675 4191 1796 4249 loco,-

781 4267 866 4321 Ad
883 4268 941 4323 id
962 4272 1142 4325 coacti*
1155 4271 1364 4326 fuerant
1387 4280 1580 4324 nature
1596 4269 1803 4324 loci...-

1893 2697 2159 2730 summum
2188 2678 2336 2731 conis
2364 2682 2549 2750 jugum
2591 2681 2772 2733 castris
2813 2678 2907 2732 do·

1891 2758 2193 2813 minabatur
2222 2777 2287 2811 ex
2329 2777 2438 2829 quo
2476 2759 2655 2813 hostes
2688 2779 2907 2831 superne

1891 2835 2230 2891 decurrentes
2251 2839 2452 2893 facilius
2478 2841 2829 2910 irruptionem
2854 2841 2907 2892 in

1891 2929 2059 2973 castra
2074 2919 2435 2970 Romanorum
2456 2919 2629 2971 facere
2648 2931 2905 2990 poterant.

1974 3002 2027 3059 4.
2076 2996 2134 3049 C.
2183 2998 2439 3053 Canium
2462 2998 2673 3051 Rebilus.
2708 3001 2787 3051 De
2810 3000 2906 3052 hoc

1891 3077 2109 3129 nomine
2136 3074 2245 3130 vid.
2281 3077 2466 3130 Famil.
2507 3080 2664 3133 Rom.
2692 3097 2774 3150 ap.
2804 3080 2905 3131 Ur-

1890 3173 2085 3209 smum.

1976 3236 2025 3288 5.
2048 3235 2247 3307 Quoque
2259 3248 2421 3307 pacto.
2442 3235 2604 3302 Quid,
2619 3251 2667 3289 et
2684 3256 2906 3308 quomo-

1890 3311 1962 3365 do
1987 3315 2043 3367 in
2071 3316 2441 3387 qualicumque
2471 3328 2655 3369 eventu
2684 3318 2767 3386 egi
2792 3318 2905 3387 pla·

1890 3406 2018 3447 oeat.
2067 3394 2246 3449 Nostri
2288 3393 2446 3449 codd.
2490 3397 2710 3459 habent,
2747 3397 2892 3467 quid,

1889 3493 2076 3546 quoquo
2081 3486 2243 3542 paceo.
2264 3474 2386 3527 Non
2406 3478 2574 3528 male:
2600 3473 2711 3540 sed,
2727 3476 2900 3547 inquit

1890 3551 2140 3606 Oudend.
2161 3588 2178 3615 ‚
2203 3572 2357 3624 grac.
2376 3556 2601 3626 interpr.
2628 3556 2817 3622 habet,
2854 3558 2901 3609 τί

1887 3639 1995 3693 πῶς
2009 3653 2084 3685 τι·
2104 3630 2334 3698 Adil.v,
2359 3653 2409 3688 c.
2442 3635 2515 3687 33
2538 3653 2563 3709 τ,
2583 3637 2705 3706 quid
2730 3656 2904 3707 quoque

1886 3712 1991 3763 loco
2020 3710 2319 3767 faciendum
2336 3728 2469 3767 esset
2484 3752 2500 3778 ,
2518 3712 2576 3767 id
2603 3726 2683 3768 est
2698 3754 2716 3779 ‚
2737 3717 2902 3787 singna

1885 3789 2123 3857 lislocis3
2141 3805 2194 3845 ct
2220 3810 2375 3858 mox,
2399 3812 2445 3846 c.
2473 3796 2901 3868 85,quidqmqn

1886 3873 1937 3921 1⁶12
1956 3883 2099 3941 parte
2124 3884 2337 3941 geratur.

1967 3954 2019 4004 6.
2046 3951 2292 4004 Meridies.
2326 3948 2719 4023 Oudendorpio
2739 3954 2901 4025 placet

1883 4030 2042 4082 lectio
2068 4032 2447 4084 nonnullorum
2477 4029 2639 4085 codd.
2673 4053 2780 4085 cun
2808 4052 2897 4084 ne·

1884 4109 2007 4161 ridie
2036 4130 2134 4162 esse
2161 4111 2399 4165 audeatur.
2440 4110 2651 4164 Mer-twa
2682 4131 2785 4185 pro
2809 4132 2895 4163 mo·

1886 4189 2050 4253 Adici,
2073 4201 2134 4242 ut
2150 4190 2277 4243 alibi
2307 4196 2524 4261 accepi-o
2541 4195 2691 4253 aciei,
2714 4192 2892 4245 subau-

1887 4268 1998 4323 dita
2011 4288 2141 4324 voce
2160 4282 2363 4341 tempus,
2391 4288 2558 4341 quum
2576 4281 2786 4343 tempus
2798 4287 2893 4326 me-
