3111 5147
503 494 643 563 DE
685 495 1034 564 BELLO
1087 498 1582 567 GALLICO.
1630 500 1821 570 LIB.
1880 501 2014 572 VI.

2197 503 2346 579 285

217 648 368 695 mos
425 626 626 694 timor
672 643 1296 745 praeoccupaverat,
1337 642 1451 715 ut,
1487 654 1692 759 spaene
1737 631 2014 703 alienata
2064 627 2327 707 mente⁴
2329 692 2350 728 ‚

219 730 451 802 deletis
488 732 794 801 omnibus
852 734 1055 827 copiis
1097 722 1509 827 equitatum⁵
1554 762 1625 805 se
1682 763 1763 806 ex
1809 740 1966 834 fuga
2029 747 2350 838 recepisse

215 837 566 924 dicerent,
614 863 876 932 neque,
932 837 1244 908 incolumi
1304 843 1648 928 exercitu,
1704 847 2071 916 Germanos
2136 865 2352 919 castra

219 958 725 1043 oppugnaturos
763 945 958 1014 fuisse
995 945 1487 1018 contenderent.
1528 951 1749 1038 Quem
1786 953 2089 1021 timorem
2132 957 2349 1025 Caesa·

217 1053 311 1120 ris
349 1051 671 1120 adventus
721 1051 997 1120 sustulit.

330 1160 545 1226 XLII.
603 1159 932 1227 Reversus
995 1157 1100 1226 ille
1132 1211 1151 1245 ,
1201 1173 1475 1228 eventus
1542 1160 1696 1229 belli
1758 1187 1895 1231 non
1963 1166 2270 1260 ignorans
2305 1167 2349 1257 ¹,

221 1286 433 1331 unum
454 1317 472 1351 ,
500 1262 678 1357 quod
713 1263 1019 1333 cohortes
1056 1289 1136 1332 ex
1166 1268 1444 1334 statione
1472 1281 1537 1335 et
1566 1269 1868 1360 praesidio
1906 1287 2122 1341 essent
2156 1277 2348 1342 emis-

221 1392 353 1455 sae,
396 1384 700 1463 questus,
749 1394 834 1437 ne
881 1371 1153 1439 minimo
1204 1370 1467 1489 quidem
1529 1372 1728 1441 casu²
1786 1373 2005 1443 locum
2073 1378 2353 1473 relinqui

221 1474 564 1569 debuisse,
591 1473 873 1544 multum
891 1476 1288 1606 3'fortunam
1272 1502 1336 1544 m
1369 1481 1714 1571 repentino
1742 1479 2029 1550 hostium
2060 1484 2351 1554 adventu

223 1584 512 1700 potuisse
549 1567 956 1676 judicavit³;

939 1581 1197 1651 multo
1232 1586 1427 1652 etiam
1471 1584 1789 1679 ampliuS‚
1822 1588 1999 1680 quod
2037 1613 2221 1682 paene
2263 1591 2348 1659 ab

199 1690 365 1787 ‘ipso
394 1687 569 1758 vallo
603 1690 940 1784 portisque
975 1704 1342 1759 castrorum
1379 1690 1695 1760 barbaros
1731 1695 2136 1763 avertissent.
2165 1698 2346 1784 Qua-

221 1818 370 1862 rum
395 1797 692 1863 omnium
727 1820 949 1864 rerum
976 1797 1258 1864 maxime
1285 1794 1744 1864 admirandum
1768 1798 2148 1886 videbatur,
2169 1802 2349 1896 quod

219 1902 574 2019 Germani,
603 1904 714 1995 qui
750 1926 830 1971 eo
859 1902 1130 1971 consilio
1171 1902 1479 1971 Rhenum
1517 1904 1944 1992 transierant,
1969 1920 2046 1973 ut
2079 1908 2348 1976 Ambio-

217 2006 378 2100 rigis
417 2007 580 2075 fines
614 2005 1209 2102 depopularentur,
1245 2007 1328 2075 ad
1371 2023 1586 2076 castra
1624 2011 2077 2079 Romanorum
2113 2011 2348 2102 delati,

218 2114 702 2206 optatissimum
745 2114 1108 2206 Ambiorigi
1143 2100 1577 2213 beneficium⁴
1614 2114 2009 2184 obtulerant.

329 2219 577 2291 XLIII.
632 2223 892 2305 Caesar,
942 2244 1168 2288 rursus
1206 2218 1289 2288 ad
1332 2220 1665 2289 vexandos
1710 2221 1929 2290 hostes
1974 2223 2307 2316 profectus
2327 2278 2346 2314 ,

224 2408 334 2463 58:
368 2406 540 2459 Coesar
587 2408 847 2461 obsessione
884 2422 1144 2462 castr-orum
1191 2430 1241 2462 m

226 2485 490 2541 Germania
511 2493 736 2539 nunciata
748 2508 865 2557 ,per
883 2494 1109 2540 stationes
1133 2490 1240 2541 kos-

224 2570 336 2619 tium
357 2568 542 2637 gallico
559 2567 724 2619 habitu
734 2575 1003 2638 penetraret
1024 2568 1094 2620 ad
1113 2589 1237 2621 suos.

221 2647 289 2699 Et
318 2646 570 2701 videntur
605 2647 765 2699 verba
802 2647 909 2699 huc
945 2645 1236 2701 referenda.

220 2724 324 2780 Sed
341 2726 626 2778 Suetonius
639 2727 832 2779 erravit
836 2743 1028 2797 ,quum
1043 2728 1098 2779 in
1111 2727 1242 2779 Ger-

219 2806 395 2858 man'n
425 2804 597 2859 dixit.
633 2824 756 2857 nam
777 2823 805 2857 a
826 2806 1242 2877 Germanis‚.qui

217 2884 275 2937 in
301 2885 526 2938 Galliam
549 2885 896 2949 transierant,
925 2897 1089 2938 castra
1119 2898 1242 2938 sunt

220 2965 563 3030 obsessa,non
577 2966 815 3017 autemin
831 2923 1134 3017 Germania.
1161 2965 1235 3016 M.

281 3052 354 3109 ’4.
389 3043 624 3096 Alienum
669 3056 836 3096 mente.
875 3042 940 3095 Id
973 3056 1080 3108 est,
1109 3041 1240 3096 adeo

221 3125 443 3190 turbati,
470 3123 603 3176 adeo
626 3123 886 3196 lymphati
898 3123 1241 3188 metu,utvix

220 3217 489 3276 compotes
510 3205 594 3256 sui
626 3216 812 3257 essent.
848 3202 934 3255 Sic
965 3203 1172 3267 Celsus,
1203 3203 1239 3255 l.

221 3299 311 3349 Π,
339 3303 455 3355 cap.
490 3300 545 3335 u
567 3303 586 3335 .·
610 3284 870 3337 Oculorum
907 3283 1094 3352 caligo,
1127 3282 1243 3333 alie-

220 3368 354 3415 natio
384 3368 552 3414 mentis
571 3402 588 3426 ,
618 3367 841 3415 montium.

303 3445 356 3495 5.
388 3444 692 3514 Equitatum.
715 3443 843 3495 Post
871 3442 1008 3494 hanc
1039 3460 1242 3505 vocem,

220 3520 448 3593 Scaliger
473 3541 535 3575 ex
569 3541 668 3575 suo
696 3534 749 3575 et
779 3522 965 3574 Ursini
995 3520 1114 3574 cod.
1148 3540 1242 3573 vo·

217 3602 393 3654 culam
418 3613 605 3654 tantum
621 3599 845 3666 addidit,
860 3619 1016 3672 quam
1037 3619 1245 3672 recepe-

216 3694 344 3733 runt
375 3699 562 3734 omnes
591 3679 846 3745 editores,
875 3699 946 3733 ne
984 3680 1242 3733 Oberlino

217 3759 436 3831 quidem
453 3774 688 3831 excepto.
714 3760 783 3812 At
803 3761 861 3812 in
888 3758 1045 3813 codd.
1063 3760 1242 3812 multis

219 3833 382 3906 deest,
397 3852 555 3911 atque
574 3840 631 3892 in
649 3839 869 3911 interpr.
885 3857 985 3910 gr„
1008 3852 1060 3891 et
1073 3840 1244 3911 reipsa

214 3935 399 3973 vacare
420 3932 627 3991 potest,
657 3919 822 3971 veluti
857 3918 1014 3989 plane
1039 3918 1243 3970 inutilis

215 4010 270 4051 et
311 3999 529 4052 insulsa.
592 3998 724 4051 Eam
760 3998 1054 4072 rejecimus.
1106 3995 1238 4049 Cod.

215 4091 399 4131 noster
447 4079 598 4148 5763
619 4116 636 4142 ,
665 4095 849 4130 vocem
901 4088 1083 4128 tantum
1131 4093 1243 4129 non

215 4159 486 4229 agnoseit3
519 4158 652 4211 alter
673 4176 803 4210 vero
831 4175 946 4210 eam
968 4156 1142 4208 hahet.

296 4236 429 4294 Car.
461 4239 633 4296 XLII.
675 4255 723 4291 ι.
755 4238 970 4292 Ennius
1008 4236 1122 4289 bella·
1150 4255 1244 4290 non

1329 2414 1573 2481 ignorans.
1610 2408 1897 2464 Laudanda
1927 2424 2067 2465 certe
2096 2411 2200 2467 hoc
2226 2415 2346 2467 loco

1330 2490 1548 2542 Caesaris
1572 2489 1871 2561 prudentia.
1895 2491 2117 2564 Culpam
2141 2493 2348 2546 Cicero-

1326 2568 1410 2620 nis
1452 2566 1654 2624 indicat
1696 2569 1898 2636 solum,
1928 2591 2026 2625 nec
2072 2572 2129 2625 in
2173 2572 2349 2649 ipsum

1328 2647 1734 2714 animadvertit,
1782 2610 2051 2705 moderate
2101 2667 2343 2724 questus,

1327 2726 1498 2796 quod,
1522 2741 1643 2792 etc„
1674 2742 1858 2782 catera
1890 2732 2130 2802 rejiciens
2164 2734 2217 2784 in
2249 2754 2347 2805 po

1328 2808 1546 2859 tentiam
1568 2808 1809 2860 fortunae.
1844 2810 1916 2860 Ea
1949 2812 2148 2882 quippe
2172 2813 2349 2866 hostes

1327 2884 1393 2936 ad
1431 2899 1598 2938 castra
1643 2884 1959 2952 adduxerat,
1990 2902 2146 2958 atque
2189 2892 2350 2944 etiam

1326 2963 1393 3015 ab
1424 2963 1613 3017 iisdem
1646 2977 1920 3019 averterat.

1412 3062 1459 3095 α.
1492 3043 1571 3096 Ne
1609 3046 1798 3095 minimo
1834 3045 2021 3116 quidem
2051 3065 2179 3099 casu.
2217 3047 2350 3101 Casa

1327 3141 1427 3194 pro
1451 3126 1607 3184 casui,
1637 3135 1696 3176 ut
1726 3142 1883 3195 supra
1914 3124 2181 3178 multoties
2212 3147 2347 3178 exer-

1327 3206 1426 3253 citu
1445 3221 1546 3273 pro
1562 3207 1790 3255 exercitui
1803 3242 1819 3268 ,
1834 3208 2119 3274 magistratu
2136 3223 2236 3276 pro
2251 3226 2349 3257 ma-

1324 3286 1561 3350 gistratui
1578 3322 1594 3344 ,
1629 3295 1682 3334 et
1732 3283 1922 3336 similia
1966 3284 2161 3355 passim
2206 3284 2349 3356 apud

1328 3360 1587 3415 Caesarem
1614 3376 1665 3415 et
1690 3376 1890 3416 veteres
1918 3364 2211 3434 scriptores.

1412 3442 1462 3494 3.
1507 3441 1767 3494 Judimvit.
1819 3444 2046 3495 Restitui
2091 3463 2154 3497 ex
2188 3443 2344 3497 codd.

1329 3521 1474 3572 meis.
1491 3520 1907 3593 Oudendorpius
1923 3561 1938 3588 ,
1956 3523 2133 3576 nescio
2158 3542 2261 3593 qua
2282 3523 2351 3578 de

1327 3614 1684 3664 causa,contra
1699 3603 1922 3672 scriptos
1937 3615 1987 3654 et
2005 3600 2174 3655 editos
2186 3604 2349 3656 libros

1325 3678 1453 3749 legit
1476 3680 1736 3745 indicavit,
1757 3692 1810 3732 et
1830 3681 1972 3733 hunc
2004 3682 2242 3735 Oberlin.
2269 3703 2351 3736 se·

1328 3771 1480 3811 cutus
1511 3771 1604 3810 est.
1639 3759 1902 3811 Coeterum
1933 3761 2098 3813 facilis
2127 3764 2350 3815 mutatio

1329 3837 1541 3911 syllaba
1568 3842 1619 3888 in
1649 3838 1704 3888 in
1725 3841 1815 3907 ju,
1846 3850 1897 3890 et
1919 3841 2167 3892 vicissim.

1411 3925 1465 3981 4.
1511 3917 1877 3988 Optatissimum
1906 3918 2183 3988 Ambiorigi
2211 3921 2349 3973 bene·

1315 3995 1503 4066 ficium.
1532 3997 1712 4048 Dubio
1739 3996 1922 4067 procul
1938 4034 1953 4060 ‚
1971 3997 2092 4049 sieo
2118 4000 2352 4053 scivisset

1330 4090 1418 4128 aut
1425 4076 1683 4148 potuisset
1690 4075 1788 4127 uti:
1798 4087 1851 4128 at
1864 4093 1973 4127 non
1980 4075 2221 4131 videmus
2231 4081 2353 4131 Am-

1331 4157 1585 4226 biorigem
1598 4175 1651 4207 se
1662 4155 1939 4208 Germanis
1947 4156 2058 4209 ullo
2069 4157 2230 4212 modo
2232 4162 2353 4231 jun.

1331 4234 1555 4303 xisse,ad
1568 4247 1734 4292 cama
1742 4236 1965 4308 Roman,
1978 4237 2348 4312 oppugnanda.
