3111 5147
714 486 869 577 456
1031 490 1110 559 C.
1162 490 1446 559 JULII
1500 488 1967 558 CAESARIS
2021 491 2574 560 COMMENT.

714 623 1128 719 paratissimo
1188 621 1601 692 sustinebant
1654 622 1877 690 animo
1916 646 1931 690 ε
1977 646 2082 691 res
2140 624 2314 691 enim
2372 624 2735 718 gerebatur
2787 641 2851 694 et

714 728 972 799 excelso
1014 727 1162 797 loco
1182 783 1202 817 ,
1246 742 1313 798 et
1352 731 1420 797 in
1463 741 1824 823 conspectu
1866 730 2191 798 exercitus
2232 732 2487 817 nostri3
2539 756 2851 826 magnus·

713 860 842 932 que
868 838 1199 930 utrimque
1229 834 1480 905 clamor
1505 835 1858 905 oriebatur.
1891 839 1993 905 Ita
2020 859 2217 931 quam
2249 839 2526 931 quisque
2555 839 2853 932 poteras-¹

713 946 996 1013 maxime
1032 944 1301 1036 insignis
1323 995 1341 1030 ,
1368 966 1502 1036 quo
1537 943 1760 1011 notior
1787 943 2210 1037 testatiorque
2234 946 2447 1013 virtus
2476 944 2620 1037 ejus
2648 960 2855 1032 esset,

712 1050 857 1121 telis
892 1049 1182 1119 hostium
1219 1047 1631 1143 ssammaeque
1662 1072 1730 1116 se
1766 1048 2152 1119 offerebant.

819 1157 1070 1224 XLIII.
1117 1156 1340 1223 Coesar
1368 1179 1575 1249 quum
1610 1154 1986 1250 complures
2014 1180 2167 1226 suos
2195 1154 2530 1225 vulnerari
2565 1157 2853 1243 videret,

714 1289 796 1332 ex
832 1261 1139 1330 omnibus
1178 1260 1403 1355 oppidi
1450 1260 1748 1380 partibus
1779 1261 2090 1331 cohortes
2123 1277 2419 1332 montem
2460 1264 2855 1352 ascendere,

707 1384 813 1456 et,
850 1365 1263 1437 simulatione
1299 1369 1617 1436 moenium
1652 1368 2227 1462 occupandorum,
2252 1368 2612 1439 clamorem
2656 1371 2849 1440 undi-

713 1500 842 1572 que
878 1474 1070 1568 jubet
1110 1472 1357 1543 tollere.
1404 1476 1563 1562 Quo
1606 1473 1782 1543 facto
1827 1478 2155 1568 perterriti
2196 1476 2550 1595 oppidani,
2594 1503 2805 1572 quum
2832 1532 2852 1566 ,

711 1583 870 1678 quid
913 1594 1219 1677 ageretur
1259 1582 1327 1648 in
1378 1578 1538 1649 locis
1596 1578 1903 1674 reliquiS,
1947 1597 2165 1652 essent
2204 1583 2460 1677 ignari,
2508 1582 2848 1679 suspensi⁸

711 1703 1030 1759 revocant
1056 1686 1141 1755 ab
1167 1686 1632 1781 impugnandis
1661 1686 1970 1782 operibus
1998 1702 2286 1757 armatos
2302 1743 2322 1777 ,
2346 1693 2689 1784 murisque
2718 1691 2846 1761 dis·

711 1809 991 1892 ponunt.
1022 1797 1124 1862 Ita
1154 1794 1402 1879 nostri,
1435 1792 1567 1862 fine
1599 1792 1802 1888 praelii
1833 1793 2051 1864 facto²
2057 1792 2398 1883 ,celeriter
2422 1821 2627 1891 opera
2658 1798 2847 1866 flam·

711 1926 822 1970 ma
847 1898 1324 1994 comprehensa
1345 1901 1587 1993 partim
1607 1901 2056 2031 restinguunt,
2073 1903 2313 1996 partim
2340 1903 2845 1972 interscindunt.

712 2010 939 2097 Quum
984 2007 1407 2101 pertinaciter
1449 1992 1862 2075 resisterent³
1898 2008 2252 2103 oppidani,
2287 2023 2351 2077 et
2370 2062 2391 2097 ,
2418 2009 2557 2102 jam
2602 2034 2847 2105 magna

709 2129 898 2209 parte
941 2135 1213 2182 suorum
1258 2114 1362 2182 siti
1404 2114 1692 2200 amissa,
1733 2114 1802 2181 in
1845 2115 2167 2183 sententia
2207 2131 2718 2209 permanerent3
2763 2117 2847 2186 ad

708 2237 1118 2317 postremum
1174 2217 1493 2289 cuniculis
1543 2244 1728 2288 venae
1794 2219 1996 2290 fontis
2059 2223 2377 2292 intercisae
2431 2237 2588 2291 sunt
2645 2238 2849 2318 atque

707 2352 972 2397 aversae.
1004 2326 1163 2429 Quo
1192 2325 1369 2395 facto
1400 2341 1671 2421 repente
1707 2328 2013 2421 perennis
2042 2330 2298 2397 exaruit
2320 2315 2506 2399 fons⁴
2507 2344 2843 2417 ‚·tanta1n

705 2458 835 2527 que
900 2430 1120 2500 attulit
1170 2429 1516 2525 oppidanis
1570 2432 1797 2502 salutis
1850 2433 2416 2565 desperationem,
2453 2449 2527 2504 ut
2582 2436 2651 2505 id
2705 2463 2843 2507 non

705 2539 1052 2608 hominum
1097 2534 1416 2625 consili0,
1457 2536 1572 2608 sed
1621 2536 1897 2609 deorum
1937 2527 2319 2611 voluntate⁵
2357 2541 2608 2612 factum
2649 2559 2841 2639 puta·

705 2659 870 2714 rent.
909 2646 1181 2737 ltaque,
1217 2643 1602 2714 necessitate
1637 2649 1883 2735 coacti,
1920 2672 1992 2717 se
2020 2647 2448 2717 tradiderunt.

788 2874 839 2926 7.
878 2854 961 2907 Ita
991 2871 1132 2926 quam
1175 2854 1370 2924 quisque
1399 2862 1608 2922 poterat.
1641 2851 1727 2906 Sic

706 2948 838 3007 optt.
885 2930 1042 2987 codd.
1085 2943 1138 2983 et
1178 2943 1358 2984 noster
1390 2933 1558 3002 5764.
1593 2931 1728 2997 Alii,

705 3015 880 3067 minus
909 3014 1071 3077 benc,
1102 3015 1172 3063 ita
1201 3023 1257 3062 ut
1286 3015 1481 3085 quisque
1500 3024 1727 3083 poterat,

705 3095 788 3148 vel
818 3093 1039 3147 omnino
1054 3128 1071 3156 ,
1097 3094 1168 3142 ita
1196 3094 1391 3163 quisque
1406 3089 1615 3162 ’ποιεῖ-αι.

785 3175 913 3228 Cn.
930 3171 1129 3224 XLIII.
1155 3189 1176 3223 1
1188 3210 1201 3222 .
1217 3171 1398 3223 Essent
1417 3173 1580 3241 ignari
1590 3211 1605 3232 ,
1622 3191 1727 3223 sus-

698 3257 852 3324 pensi.
868 3252 976 3304 Has
1001 3249 1134 3303 duas
1148 3268 1304 3303 voces
1324 3268 1436 3302 non
1460 3251 1617 3303 simul
1632 3249 1726 3306 ad·

702 3333 923 3386 mittunt
951 3327 1108 3385 codd.
1140 3329 1246 3381 Alii
1273 3341 1427 3381 essent
1454 3334 1636 3399 ignari,
1659 3332 1725 3384 al.

686 3424 858 3465 msera
874 3413 1101 3482 suspensi.
1119 3408 1229 3461 Soli
1251 3406 1408 3462 codd.
1429 3410 1562 3462 Lov.
1583 3411 1724 3462 Bon-

679 3502 834 3565 'gars.
867 3502 989 3543 tert.
1017 3489 1241 3542 Dorvill.
1271 3500 1325 3541 et
1354 3485 1477 3541 edd.
1504 3488 1723 3544 mediol.

700 3573 936 3625 Florem.
948 3581 1198 3640 utrmque
1207 3569 1448 3639 recipiam
1454 3581 1554 3634 t‚et
1565 3581 1724 3635 recte,

699 3670 825 3704 nam
850 3688 867 3716 ,
906 3650 1002 3703 etsi
1048 3648 1199 3701 aliter
1242 3648 1456 3702 Davisio
1513 3649 1686 3721 placet
1705 3688 1722 3714 ‚

700 3729 847 3784 aliud
873 3741 951 3783 est
976 3732 1175 3798 ignom
1198 3745 1309 3780 esse
1322 3766 1340 3794 ,
1368 3726 1511 3781 aliud
1533 3747 1725 3799 suspen·

699 3831 794 3863 sus.
816 3809 1044 3880 suspense·
1057 3825 1335 3879 possumus
1347 3825 1485 3874 esse,
1506 3807 1722 3861 sednon

699 3892 897 3961 ignat-i,-
929 3900 982 3941 nt
1011 3905 1180 3959 quum
1216 3887 1384 3958 ignari
1413 3903 1597 3941 sumus
1627 3888 1722 3942 nli-

697 3971 850 4041 cujus
872 3969 976 4034 rei,
991 3970 1202 4039 suspensi
1223 3966 1483 4021 huemus
1507 3968 1568 4020 in
1590 3986 1721 4021 oon-

697 4049 819 4102 silio
844 4046 1128 4120 capiendo,
1143 4059 1196 4100 et
1219 4066 1280 4100 ea
1303 4050 1415 4119 ipsa
1439 4066 1525 4102 rea
1550 4060 1630 4102 est
1651 4046 1721 4102 de

696 4145 803 4199 qna
831 4128 938 4180 hoc
963 4128 1084 4180 loeo
1114 4126 1303 4197 agitur.
1433 4143 1437 4148 ’

784 4227 834 4261 a.
866 4207 993 4261 Fine
1020 4207 1185 4279 pralii
1210 4209 1369 4274 sacto.
1400 4209 1483 4262 Ita
1508 4206 1719 4263 codiee·

1817 2871 2000 2906 omnes
2016 2866 2069 2907 et
2093 2852 2217 2908 edd.
2245 2868 2372 2908 vett.
2391 2855 2543 2909 Nihil
2564 2877 2692 2929 ergo
2719 2878 2839 2911 mu·

1817 2930 2056 2986 tandum.
2082 2935 2328 2999 Alii‚sine
2344 2936 2693 3006 proeliofacto.
2720 2939 2839 2991 Ma·

1813 3011 1893 3065 le:
1925 3024 1978 3065 et
2008 3014 2120 3066 sine
2151 3016 2482 3068 auctoritate·

1899 3091 1950 3145 3.
1984 3094 2344 3147 Baisteana...
2353 3109 2697 3166 pemanermt.
2716 3105 2839 3152 Hoc

1814 3171 1966 3225 aliter
2007 3191 2067 3225 se·
2106 3173 2306 3227 habent
2344 3175 2401 3227 in
2446 3174 2600 3228 codd.
2652 3177 2835 3230 Nostri

1811 3251 1993 3322 legunt
2013 3271 2029 3304 τ
2051 3272 2191 3325 quum
2212 3259 2523 3324 'nt-tinaciter
2568 3258 2831 3308 mittem!

1812 3331 2040 3402 oppidani
2080 3352 2257 3404 magna
2292 3348 2437 3406 parte
2472 3340 2604 3387 etiam
2633 3355 2826 3387 moran

1811 3414 1894 3462 sin·
1916 3416 2088 3463 amissa
2120 3416 2169 3465 itt
2196 3418 2427 3466 sententia
2446 3414 2785 3486 permanebant
2810 3437 2829 3469 .·

1811 3490 1984 3561 aptior
1998 3503 2170 3547 tamen
2202 3506 2383 3547 nostra
2414 3494 2626 3549 videtur
2654 3496 2832 3550 lectio.

1893 3576 1948 3633 4.
1967 3571 2080 3640 Quo
2092 3574 2236 3640 sacto
2248 3578 2472 3644 perennis
2488 3579 2680 3628 exaruit
2683 3578 2805 3643 jhm
2815 3617 2831 3640 ,

1811 3661 2099 3723 tantamque.
2133 3652 2281 3706 Hanc
2293 3653 2577 3708 lectionem
2592 3658 2835 3710 revocavi

1808 3748 1873 3782 ex
1899 3727 2020 3783 cod.
2052 3750 2172 3784 meo
2203 3733 2373 3803 5763.
2399 3741 2497 3788 Ast
2521 3736 2612 3788 alii
2638 3736 2836 3790 habent

1807 3827 1901 3881 quo
1912 3811 2058 3878 sacto
2072 3825 2256 3883 repente
2258 3815 2377 3881 fhns
2388 3818 2616 3887 pemani-5
2627 3817 2833 3868 abans·

1810 3899 1910 3946 tus.
1928 3901 2112 3942 tantan·
2134 3894 2323 3955 attulit,
2345 3905 2436 3948 etc.
2466 3895 2547 3946 Al.
2577 3915 2675 3967 quo
2693 3898 2834 3964 jacto

1806 3970 2062 4022 exhaustus
2075 3984 2259 4043 repente
2264 3979 2483 4044 perennis
2496 3979 2833 4044 exardescas,

1807 4059 2096 4124 mumque.
2144 4053 2470 4107 concinnior
2507 4072 2634 4108 sane
2675 4055 2835 4109 lectio

1804 4126 1925 4183 cod.
1953 4130 2139 4185 nostri.

1891 4209 1941 4263 5.
1975 4211 2048 4265 Ue
2067 4211 2232 4264 idnon
2252 4212 2485 4265 hominm
2507 4214 2837 4276 commonet!
