3111 5147
698 504 848 582 306
987 508 1064 577 C.
1119 502 1397 573 JULII
1452 500 1929 571 CAESARIS
1983 496 2551 569 COMMENT.

693 656 845 729 ret3
896 638 1184 707 universi
1233 636 1319 705 ab
1364 660 1446 704 eo
1479 688 1499 723 ,
1546 662 1584 698 (ι
1617 654 1702 701 ne
1749 632 1815 700 id
1861 631 2107 701 faceret
2140 684 2161 719 ‚
2202 631 2516 726 petebant
2552 656 2568 699 ε
2616 632 2710 700 sic
2756 654 2835 702 se

694 745 1066 843 complures
1095 767 1304 812 annos
1334 740 1445 810 illo
1472 743 1837 835 imperante
1871 740 2186 808 meruisse
2210 791 2230 825 ,
2258 754 2334 806 ut
2362 736 2609 807 nullam
2637 739 2833 834 igno·

692 856 961 923 miniam
995 852 1372 969 acciperent
1390 901 1409 935 ,
1449 870 1790 940 nunquam
1829 845 2073 915 infecta
2106 871 2177 914 re
2211 844 2661 915 discederent:
2694 846 2832 917 hoc

693 986 762 1030 se
816 958 1187 1053 ignominiae
1237 954 1485 1023 laturos
1525 952 1706 1040 loco,
1750 954 1803 1020 si
1854 954 2209 1046 incoeptam
2260 954 2831 1047 oppugnationem

693 1065 1144 1160 reliquissent·
1158 1074 1535 1191 5praestare,
1576 1080 1807 1128 omnes
1839 1058 2131 1188 perferre
2160 1059 2593 1146 acerbitates,
2624 1082 2828 1152 quam

693 1198 830 1241 non
882 1154 1180 1240 civibus⁵
1223 1168 1564 1255 romaniS,
1622 1168 1735 1259 qui
1789 1150 2094 1236 Genabi⁶
2143 1165 2414 1261 perfidia
2479 1163 2827 1234 Gallorum

692 1279 1065 1346 interissent
1079 1286 1609 1369 ,p.arentarent
1566 1272 1589 1311 ⁷
1645 1301 1679 1337 >2
1718 1275 1878 1342 Haec
1911 1272 2138 1340 eadem
2180 1272 2671 1341 centurionibus
2710 1273 2823 1340 tri-

691 1385 1015 1477 bunisque
1066 1378 1348 1450 militum
1401 1378 1805 1447 mandabant
1826 1432 1846 1467 ,
1899 1392 1977 1446 ut
2022 1402 2143 1474 per
2193 1402 2307 1446 eos
2358 1376 2444 1445 ad
2496 1381 2821 1447 Caesarem

690 1489 1122 1558 deferrentur.

798 1597 1054 1664 XVIII.
1098 1595 1327 1682 Quum
1365 1594 1502 1686 jam
1545 1614 1740 1659 muro
1778 1604 1993 1657 turres
2035 1591 2697 1684 appropinquassent,
2735 1614 2823 1659 ex

690 1703 965 1797 captivis
998 1703 1220 1769 Caesar
1251 1699 1600 1792 cognovit,
1629 1697 2244 1790 Vercingetorigem
2281 1711 2674 1790 consumpto
2702 1720 2819 1790 pa·

690 1806 850 1877 bulo
886 1820 1100 1876 castra
1134 1803 1416 1874 movisse
1457 1803 1727 1898 propius
1763 1802 2117 1871 Avaricum
2140 1855 2161 1889 ,
2191 1816 2388 1895 atque
2422 1803 2639 1896 ipsum
2672 1827 2821 1871 cum

689 1915 983 2008 equitatu
1025 1909 1504 2004 expeditisque,
1537 1909 1651 2002 qui
1691 1910 1863 1976 inter
1906 1910 2154 2002 equites
2190 1907 2469 2003 praeliari
2510 1930 2818 1978 consues-

692 2032 837 2089 sent
853 2071 873 2101 ,
902 2016 1282 2086 insidiarum
1312 2038 1509 2085 causa
1531 2038 1612 2082 eo
1639 2015 2013 2109 profectum
2030 2013 2074 2102 ¹,
2104 2039 2237 2108 quo
2272 2027 2535 2083 nostros
2558 2029 2821 2109 postero

690 2126 797 2195 die
826 2122 1212 2219 pabulatum
1236 2136 1554 2191 venturos
1585 2121 2032 2190 arbitraretur.
2074 2121 2334 2210 Quibus
2366 2120 2565 2190 rebus
2600 2122 2822 2217 cogni·

691 2234 772 2301 tis
787 2285 809 2321 ,
835 2231 1049 2300 media
1073 2242 1268 2300 nocte
1292 2227 1546 2297 silentio
1569 2227 1907 2323 profectus
1926 2281 1946 2316 ,
1968 2227 2051 2296 ad
2078 2226 2365 2297 hostium
2390 2241 2605 2299 castra
2631 2252 2821 2296 mane.

690 2339 1006 2433 pervenit.
1051 2335 1196 2423 Illi,
1230 2333 1527 2404 celeriter
1568 2358 1690 2429 per
1727 2332 2174 2428 exploratores
2212 2335 2501 2404 adventu
2547 2336 2819 2403 Caesaris

691 2445 958 2538 cognito
979 2496 998 2530 ,
1025 2466 1251 2511 carros
1268 2440 1865 2535 impedimentaque
1884 2464 1999 2508 sua
2029 2442 2095 2508 in
2113 2443 2426 2510 arctiores
2444 2439 2629 2510 silvas
2649 2436 2671 2462 ²
2699 2439 2814 2508 ab·

691 2549 1034 2636 diderunt,
1079 2548 1301 2642 copias
1352 2564 1584 2615 omnes
1634 2549 1703 2615 in
1755 2543 1904 2617 1000
1943 2560 2174 2642 aperto
2212 2556 2413 2643 atque
2463 2546 2636 2617 edito
2688 2548 2817 2616 ins·

691 2667 1055 2723 traxerunt.
1095 2655 1249 2743 Qua
1289 2678 1362 2721 re
1392 2655 1689 2722 nuntiata
1707 2707 1727 2743 ,
1760 2657 1981 2724 Caesar
2010 2652 2307 2723 celeriter
2339 2657 2626 2725 sarcinas
2662 2677 2814 2724 con·

691 2761 845 2829 ferri
866 2813 884 2846 ,
914 2783 1098 2827 arma
1132 2759 1420 2853 expediri
1443 2760 1652 2852 jussit.

795 2867 982 2935 XIX.
1041 2863 1243 2936 Collis
1294 2879 1437 2934 erat
1482 2863 1715 2934 leniter
1765 2866 1850 2933 ab
1891 2866 2120 2936 infimo
2168 2865 2473 2936 acclivis:
2515 2868 2697 2938 hunc
2740 2891 2813 2935 ex

691 2973 995 3042 omnibus
1029 2973 1165 3041 sere
1197 2973 1493 3068 partibus
1523 2971 1711 3067 palus
1740 2971 2018 3042 difficilis
2039 2987 2241 3067 atque
2261 2973 2574 3068 impedita
2603 2977 2815 3068 cinge·

689 3079 805 3147 bat
823 3132 843 3167 ,
882 3104 1018 3148 non
1052 3078 1244 3147 latior
1283 3078 1558 3173 pedibus
1596 3081 1672 3148 L.
1717 3082 1863 3148 Hoc
1895 3103 1964 3147 se
2004 3077 2210 3167 colle,
2240 3080 2622 3174 interruptis
2656 3105 2816 3175 pon-

775 3270 806 3323 5
814 3310 826 3322 .
843 3272 1101 3322 Praeseare.
1110 3310 1141 3322 ..
1153 3289 1292 3340 quam
1306 3279 1400 3320 11οὴ
1415 3269 1607 3332 civibus,
1621 3282 1709 3322 etc.

692 3349 874 3402 Malim
893 3369 1034 3422 quam
1065 3359 1120 3400 ut
1138 3365 1260 3410 ηοω
1285 3345 1429 3418 quod
1458 3349 1502 3399 si
1532 3347 1716 3421 displi-

691 3441 822 3493 ceat,
838 3427 1175 3481 Ciacconium
1191 3445 1425 3498 sequere,
1437 3430 1528 3497 qui
1531 3447 1713 3499 paren

694 3521 797 3560 tare
823 3504 1147 3561 emendabat.
1176 3507 1345 3560 Voss.
1380 3505 1470 3558 Nil
1503 3519 1711 3560 mutan-

692 3587 1009 3650 dammam,
1032 3599 1090 3638 ut
1108 3587 1168 3638 fit
1180 3587 1510 3658 plerumque,
1528 3588 1712 3640 subin·

691 3664 968 3740 telligenda
978 3666 1281 3736 conjunctio
1291 3666 1542 3720 ut.Nostri
1553 3665 1708 3721 codd.

691 3767 830 3819 regg.
867 3747 1014 3818 5763
1033 3784 1050 3812 ‚
1085 3751 1155 3809 64
1176 3785 1192 3812 ‚
1216 3745 1411 3799 habent
1431 3758 1708 3819 [ιι-(03111101.

694 3827 827 3879 Cels.
840 3824 911 3879 id.
925 3827 1013 3879 ait:
1036 3826 1711 3899 Omniapatimalimus,quam

693 3925 752 3957 ne
791 3917 952 3958 nostra
985 3907 1178 3958 mollitie
1216 3907 1443 3959 Manibus
1477 3907 1731 3972 Romam»,

693 4005 794 4038 rum
816 3990 980 4038 civium
1017 3985 1212 4039 Gallico
1228 3991 1460 4057 sang-uine
1486 3986 1709 4058 satisfiat.

773 4070 825 4119 6.
864 4063 1055 4119 Cenabi·
1077 4070 1355 4119 interissent.
1382 4067 1548 4141 Supra
1577 4086 1623 4120 c.
1658 4068 1708 4121 3.

774 4162 825 4213 7.
849 4145 1183 4198 Parentarent.
1205 4147 1427 4218 Proprie
1441 4186 1456 4211 ‚
1467 4150 1606 4217 justa
1623 4163 1713 4218 pa-

691 4223 926 4276 rentibus
955 4227 1286 4296 persolvere3
1313 4238 1366 4278 et
1380 4227 1675 4297 metaphor.
1692 4264 1709 4291 ,

1799 3270 1957 3322 occisi
1984 3271 2140 3342 Regis
2169 3269 2254 3323 vel
2277 3272 2405 3324 civis
2430 3269 2683 3322 ultionem
2697 3289 2823 3342 per-

1798 3349 1947 3420 sequi
1977 3362 2029 3403 et
2048 3368 2257 3421 poenam
2286 3345 2579 3441 reposcere:
2610 3348 2686 3400 sic
2717 3365 2820 3419 pa-

1798 3441 2006 3482 rentare
2022 3430 2232 3500 injurie
2244 3447 2347 3483 1111113
2364 3428 2518 3481 noxio
2537 3429 2819 3499 sanguine.

1798 3539 1878 3551 --
1903 3509 2183 3562 Luxurioe·
2169 3549 2184 3574 ,
2210 3509 2418 3581 explere
2442 3507 2730 3562 luxuriam.

1878 3587 2005 3641 Cu».
2026 3587 2233 3642 XVIII.
2262 3607 2310 3642 1.
2333 3589 2415 3642 Eo
2423 3591 2704 3660 profectum,
2726 3607 2820 3662 qno

1796 3679 1885 3723 etc.
1920 3668 2120 3720 Vocem
2152 3689 2209 3720 eo
2237 3685 2347 3721 nou
2378 3683 2666 3740 agnoscunt
2690 3688 2819 3722 non·

1796 3748 1928 3801 nulli
1965 3746 2121 3800 codd.
2156 3747 2350 3805 Noster
2388 3765 2496 3820 reg.
2534 3750 2677 3821 5764
2699 3788 2715 3810 ‚
2740 3753 2817 3800 in·

1795 3828 2008 3880 sidiandc·
2032 3847 2178 3880 causa
2198 3830 2493 3899 profectum,
2512 3847 2622 3901 quo.
2644 3828 2817 3892 Alter,

1803 3907 1984 3977 5763,
2010 3908 2269 3980 vulgatam
2317 3905 2494 3961 habet.

1883 4008 1931 4041 2.
1963 3989 2212 4041 Arctior-es
2225 3990 2386 4042 silam.
2403 3985 2511 4040 Has
2525 3999 2677 4040 vocat
2703 4001 2818 4040 arc-

1797 4067 1987 4133 tiores,
2002 4068 2126 4139 quia
2144 4067 2341 4124 crebris
2367 4066 2649 4120 arboribus
2672 4085 2819 4120 arce·

1794 4146 1952 4201 batur
1979 4147 2259 4201 hominum
2291 4146 2480 4201 aditus.
2502 4149 2647 4200 Bene
2662 4164 2817 4218 grec.

1795 4227 1987 4299 interp.
2018 4223 2291 4281 δασύτατα
2327 4223 2512 4298 δρυμά.
2552 4229 2738 4280 Dure.
