3111 5147
749 570 891 661 ¹74
1011 565 1089 632 C.
1143 561 1426 629 JULII
1494 556 1963 627 CAESARIS
2032 554 2577 625 COMMENT.

733 699 957 768 venire
991 695 1183 790 jubet
1202 749 1222 783 ,
1271 717 1405 787 quo
1453 717 1535 760 ex
1588 703 1787 785 portu
1837 686 2438 756 commodissimum
2486 689 2555 757 in
2598 691 2845 761 Britan-

610 881 619 896 „
733 807 912 873 niam
945 797 1437 873 transmissum⁷
1463 820 1605 866 esse
1639 808 2077 890 cognoverat,
2100 795 2359 863 circiter
2392 793 2669 864 millium
2706 823 2845 894 pas-

735 936 930 981 suum
969 911 1172 978 XXX
1190 893 1214 932 ⁸
1257 930 1297 974 a
1340 903 1718 973 continenti.
1758 902 1930 969 Huic
1958 903 2053 969 rei
2080 900 2259 995 quod
2286 901 2439 969 satis
2471 925 2614 971 esse
2642 906 2845 974 visum

733 1032 836 1088 est
874 1015 1188 1101 militum,
1224 1011 1520 1105 reliquit:
1558 1012 1699 1104 ipse
1740 1032 1893 1076 cum
1938 1006 2300 1102 legionibus
2334 1007 2650 1102 expeditis
2670 1007 2696 1048 ⁹
2731 1014 2846 1100 IV,

733 1139 803 1194 et
830 1121 1157 1217 equitibus
1181 1120 1429 1188 DCCC
1460 1118 1529 1185 in
1558 1115 1723 1184 fines
1745 1115 2167 1183 Trevirorum
2193 1113 2659 1209 proficiscitur,
2677 1118 2848 1212 quod

733 1230 806 1298 hi
847 1251 1062 1322 neque
1095 1225 1181 1294 ad
1217 1222 1495 1294 concilia
1527 1221 1880 1290 veniebant
1896 1275 1917 1309 ‚
1950 1244 2163 1314 neque
2196 1221 2472 1314 irnperio
2506 1222 2847 1316 parebant,

734 1337 1234 1426 Germanosque
1274 1329 1791 1399 transrhenanos
1832 1325 2178 1397 sollicitare
2217 1326 2621 1397 dicebantur.

837 1443 963 1510 III.
1008 1443 1168 1507 Haec
1203 1438 1432 1506 civitas
1466 1435 1663 1530 longe
1689 1434 2045 1530 plurimum
2075 1435 2273 1503 totius
2308 1432 2537 1503 Galliae
2563 1436 2849 1529 equitatu

734 1545 942 1634 valet,
968 1568 1372 1639 magnasque
1412 1542 1617 1611 habet
1656 1543 1879 1636 copias
1918 1537 2211 1636 peditum
2232 1594 2252 1628 ‚
2279 1541 2740 1635 Rhenumque,
2776 1557 2849 1611 ut

732 1678 932 1748 supra
953 1650 1584 1737 demonstravimus,
1612 1650 1840 1743 tangit.
1865 1649 1944 1715 In
1970 1672 2048 1716 ea
2069 1649 2331 1717 civitate
2355 1646 2490 1716 duo
2512 1647 2594 1716 de
2612 1648 2848 1742 princi-

732 1776 895 1854 patu
921 1761 1093 1827 inter
1121 1783 1190 1826 se
1218 1755 1709 1826 contendebant
1722 1808 1741 1844 ‚
1769 1753 2257 1823 Indutiomarus
2275 1751 2296 1803 ¹*
2315 1769 2383 1823 et
2411 1756 2789 1848 Cingetorix
2806 1752 2847 1823 ²:

734 1890 816 1934 ex
857 1865 1092 1959 quibus
1136 1861 1301 1931 alter
1322 1916 1341 1950 ‚
1371 1859 1563 1930 simul
1597 1875 1793 1954 atque
1821 1860 1904 1928 de
1936 1863 2211 1929 Caesaris
2245 1858 2703 1955 legionumque
2739 1860 2845 1930 ad-

703 1985 936 2038 ‘ventu
978 1970 1316 2062 cognitum
1352 1981 1453 2036 est
1474 2021 1493 2055 ‚
1524 1965 1608 2033 ad
1649 1990 1801 2035 eum
1844 1966 2064 2055 venit3
2096 1991 2165 2035 se
2209 1991 2489 2061 suosque
2522 1991 2750 2036 omnes
2784 1969 2850 2037 in

733 2075 956 2146 officio
987 2074 1274 2164 futuros,
1304 2098 1515 2168 neque
1545 2073 1630 2142 ab
1648 2074 1933 2142 amicitia
1963 2072 2189 2168 populi
2207 2074 2461 2142 romani
2483 2071 2849 2143 defecturos

732 2182 1192 2270 confirmavit3
1232 2204 1507 2275 quaeque
1549 2182 1621 2248 in
1658 2181 1945 2248 Treviris
1984 2194 2368 2274 gererentur
2387 2234 2407 2267 ‚
2435 2178 2739 2249 ostendit.
2765 2183 2850 2249 At

731 2289 1222 2359 Indutiomarus
1250 2290 1614 2382 equitatum
1649 2286 2140 2381 peditatumque
2167 2311 2403 2381 cogere
2423 2341 2443 2375 ‚
2470 2287 2674 2382 iisque
2692 2340 2711 2374 ‚
2742 2288 2847 2380 qui

732 2422 850 2491 per
881 2411 1140 2465 aetatem
1169 2397 1237 2464 in
1267 2396 1464 2463 armis
1493 2418 1637 2464 esse
1667 2417 1802 2462 non
1833 2407 2171 2488 poterant,
2199 2395 2269 2461 in
2297 2392 2527 2462 silvam
2556 2385 2846 2463 Arduen-

730 2526 884 2571 nam
934 2501 1172 2570 abditis
1191 2553 1211 2588 ,
1255 2524 1402 2595 quae
1441 2500 1691 2594 ingenti
1733 2498 2183 2595 magnitudine
2224 2524 2344 2596 per
2392 2500 2645 2569 medios
2688 2499 2847 2567 fines

729 2686 816 2739 cio
829 2704 846 2750 ς
861 2696 1090 2738 attamen
1105 2683 1299 2736 nostris
1315 2681 1519 2735 civibus
1532 2699 1751 2754 geogra-

717 2765 902 2835 phicae
943 2763 1273 2836 peritissimis
1309 2760 1547 2815 assentiri
1589 2762 1748 2815 satius

732 2863 841 2897 esse
870 2845 1129 2898 existimo.

813 2942 867 2995 7.
918 2925 1278 2976 Tmnsmissum.
1318 2922 1401 2975 Al.
1449 2923 1751 2991 transjectum

731 3023 762 3055 e
784 3005 1104 3074 glossemate.
1130 3004 1265 3056 Nam
1294 3019 1398 3054 vox
1429 3006 1751 3054 wemmam

730 3096 785 3135 et
799 3084 1086 3156 elegantior
1098 3095 1200 3148 est,
1217 3094 1272 3137 et
1283 3082 1514 3135 occurrit
1532 3094 1751 3153 prater·

731 3182 820 3230 ea,
848 3182 893 3216 c.
934 3164 1021 3216 13.
1055 3161 1189 3216 Cod.
1220 3174 1400 3215 noster
1428 3180 1538 3232 reg.
1576 3162 1749 3230 5763,

731 3243 803 3295 ita
830 3243 972 3295 hunc
993 3242 1172 3295 locum
1200 3243 1359 3314 legitt
1390 3242 1505 3310 Quo
1525 3261 1586 3291 es
1603 3253 1749 3311 portu

729 3323 1147 3374 commodaeksimum
1162 3325 1212 3373 in
1226 3322 1487 3373 Britannia
1502 3322 1749 3389 tmjeemm

730 3423 828 3454 esse
853 3413 1156 3471 cognoverat,
1173 3404 1360 3451 circiter
1375 3399 1472 3450 mil.
1494 3418 1629 3469 pass.
1646 3419 1749 3451 xxx

732 3486 1051 3533 tran-missua
1077 3500 1109 3531 α
1128 3483 1399 3531 continenti.
1431 3478 1513 3529 Ita
1536 3496 1749 3549 quoque

730 3562 861 3615 alter
887 3579 995 3631 reg.
1028 3560 1175 3630 5764
1196 3577 1214 3625 ς
1243 3570 1297 3611 et
1325 3576 1441 3610 eam
1466 3558 1749 3611 lectionem

728 3641 1011 3711 genuinam
1029 3658 1138 3693 esse
1152 3657 1289 3710 pene
1309 3636 1658 3704 crediderim;
1689 3651 1750 3692 ut

729 3722 796 3773 sit
822 3738 1001 3774 sensus
1022 3739 1036 3773 ε
1054 3720 1103 3772 Il
1128 3721 1285 3770 :avait
1311 3738 1400 3791 que
1429 3719 1599 3770 c'e'tait
1623 3719 1748 3770 l'en·

725 3801 857 3853 dmit
882 3801 927 3852 le
949 3801 1061 3871 plus
1089 3798 1327 3851 commode
1348 3818 1476 3868 pour
1493 3817 1666 3870 passer·
1689 3818 1748 3851 en

727 3880 972 3949 Bretagne
983 3900 1004 3941 ,·
1033 3881 1083 3931 Ia
1101 3880 1312 3933 distanoe
1331 3878 1515 3930 n'e'tant
1544 3878 1611 3930 du
1632 3898 1747 3930 con-

728 3962 931 4012 tinent&
959 3971 1079 4012 ceree
1095 3961 1182 4021 lte,
1232 3978 1321 4032 que
1361 3958 1609 4012 ἰωήν-οη
1640 3978 1745 4012 xxx

726 4041 854 4091 mille
880 4058 990 4110 pas.

808 4122 861 4172 8.
884 4119 1026 4171 Pass-
1056 4136 1160 4171 xxx
1187 4118 1303 4171 mill.
1327 4119 1409 4171 Al.
1441 4138 1523 4171 n..
1541 4120 1621 4170 De
1641 4117 1748 4171 dis-

1920 2701 1973 2752 9.
2008 2683 2130 2737 Cum
2158 2683 2421 2754 legionibus
2450 2684 2695 2756 apulias.
2721 2684 2848 2752 Qun

1834 2781 1944 2816 non
1988 2761 2251 2817 ducebant
2290 2762 2666 2836 impedimenta
2680 2803 2696 2830 ,
2721 2783 2846 2836 qua-

1834 2861 2061 2916 rumque
2072 2844 2263 2896 milites
2271 2863 2379 2896 non
2388 2844 2583 2896 vallum
2597 2846 2843 2897 serebant.
2900 2883 2907 2889 .

1914 2923 2043 2976 Cu».
2067 2924 2167 2976 ΠΙ.
2206 2942 2253 2977 1.
2285 2924 2656 2977 Indembmams.
2690 2925 2849 2977 Num-

1833 3020 1987 3055 mum
2013 3004 2172 3075 hujus
2201 3023 2256 3057 se
2276 3002 2546 3075 possidere
2572 3005 2849 3076 profitetur

1833 3081 2120 3136 Oberlinus
2135 3121 2151 3149 ,
2174 3086 2322 3155 cujus
2351 3084 2521 3137 antica
2542 3104 2665 3156 pars
2695 3083 2849 3137 offert

1833 3174 1992 3233 capnt
2014 3163 2246 3235 juvenile
2259 3165 2453 3235 absque
2473 3164 2709 3234 inscript.
2730 3164 2850 3217 Pos-

1834 3242 1937 3294 ticn
1966 3261 2094 3295 vero
2110 3281 2127 3308 ,
2155 3244 2345 3297 bovem
2376 3243 2699 3316 gradientem
2726 3261 2846 3295 cum

1831 3320 1932 3375 hac
1958 3322 2244 3394 epigraphe
2270 3342 2284 3376 ε
2311 3340 2601 3377 annuum
2623 3338 2840 3375 nmo-rr.

1833 3417 1944 3453 πη.
1978 3401 2125 3466 Quid
2153 3403 2319 3456 velint
2347 3404 2431 3457 ha
2457 3415 2678 3475 quatuor
2691 3400 2845 3454 lineae

1831 3482 2037 3532 nomini
2066 3480 2326 3553 adjuncta
2361 3485 2618 3537 incertum
2650 3493 2745 3535 est.
2778 3482 2849 3533 At

1832 3571 1973 3612 certe
1998 3579 2192 3614 nomen
2229 3582 2326 3635 per
2349 3583 2384 3615 ι·
2411 3561 2749 3617 scribendum
2774 3573 2849 3614 est

1831 3657 1941 3691 non
1960 3658 2059 3712 per
2088 3660 2157 3708 ι,
2185 3655 2246 3695 ut
2271 3662 2421 3714 ὅπου.
2450 3644 2645 3715 interp.
2672 3642 2844 3694 habet.

1831 3717 2225 3776 Indutiomarus
2245 3741 2301 3775 se
2327 3723 2531 3795 origine
2558 3721 2848 3794 germanica

1831 3800 2111 3869 gloriatur,
2145 3815 2208 3855 ut
2244 3822 2387 3875 supr.
2431 3821 2515 3870 tv,
2550 3821 2616 3857 ιι
2638 3841 2655 3869 ,
2689 3802 2845 3854 Com-

1834 3898 1988 3934 mms.

1915 3979 1943 4012 2
1952 4001 1964 4013 .
1985 3961 2282 4031 C'mgeton'x.
2297 3962 2505 4014 Nomen
2519 3962 2739 4013 omnino
2753 3959 2849 4012 cel·

1830 4038 1994 4093 ticum
2019 4043 2271 4094 exhibens
2311 4041 2523 4093 titulum
2560 4038 2845 4112 dignitatis·

1834 4119 2154 4190 Cha-go-toir·,
2179 4134 2365 4193 caput,
2394 4121 2641 4192 princeps
2673 4118 2738 4172 ad
2763 4139 2845 4171 ex·

724 4198 990 4266 crepantia
1020 4199 1200 4268 spatii,
1218 4216 1319 4269 qua
1344 4196 1526 4251 differt
1568 4199 1744 4252 Caesar
1827 4200 2154 4269 peditionem
2180 4202 2256 4253 :le
2283 4201 2403 4269 chef
2418 4201 2477 4252 de
2520 4200 2843 4272 l'ezpedition.

725 4277 790 4328 ab
819 4275 1098 4341 aliis‚vid.
1125 4277 1295 4330 Strnb.
1323 4277 1359 4329 l.
1386 4295 1470 4343 tv,
1497 4296 1628 4345 ¹99-

1829 4279 1976 4333 Infra
2005 4282 2039 4333 l.
2079 4299 2193 4348 vn,
2226 4301 2271 4334 c.
2318 4288 2385 4348 4,
2423 4281 2717 4352 prefigitur
2757 4298 2843 4331 ver
