3111 5147
544 566 689 633 DE
741 565 1111 633 BELLo
1165 564 1691 637 GALLlco.
1750 567 1947 637 Lm.
2002 572 2057 638 1.
2273 566 2375 654 43

238 713 368 767 tam
410 699 871 791 arrogantiam
906 714 1274 793 sumpserat
1302 753 1321 787 ,
1363 714 1440 768 ut
1487 699 1795 769 ferendus
1837 726 1974 770 non
2022 696 2374 770 videretur.

346 806 683 873 XXXIV.
746 805 1200 893 Quamobrem
1259 804 1507 899 placuit
1565 810 1625 875 ei
1641 860 1661 894 ‚
1699 822 1772 875 ut
1831 808 1914 876 ad
1972 808 2377 877 Ariovistum

240 909 493 1004 legatos
532 908 551 934 ¹
598 912 924 997 mitteret,
949 914 1062 1005 qui
1105 912 1190 979 ab
1237 935 1317 980 eo
1361 911 1805 1007 postularent,
1834 917 1932 981 uti
1975 913 2255 1007 aliquem
2292 912 2381 982 lo-

246 1041 393 1084 cum
444 1016 746 1085 medium
798 1019 1138 1111 utriusque
1174 1016 1500 1111 colloquio
1534 1017 1829 1088 diceret²
1863 1018 2078 1088 ‚velle
2113 1044 2253 1088 sese
2295 1017 2380 1087 de

250 1122 589 1217 republica
632 1134 702 1191 et
750 1125 1020 1192 summis
1068 1125 1417 1255 utriusque
1454 1125 1652 1195 rebus
1700 1150 1853 1194 cum
1896 1149 1976 1194 eo
2032 1150 2245 1220 agere.
2297 1127 2379 1193 Ei

254 1226 560 1323 legationi
615 1231 983 1297 Ariovistus
1040 1217 1417 1324 respondit³
1439 1254 1455 1298 τ
1496 1260 1531 1295 α
1578 1234 1645 1300 Si
1687 1232 1845 1325 quid
1887 1233 2010 1326 ipsi
2052 1256 2092 1300 a
2120 1234 2382 1301 Caesare

259 1360 417 1427 opus
452 1349 668 1421 esset,
700 1359 839 1404 sese
881 1335 965 1403 ad
1008 1360 1160 1405 eum
1202 1352 1554 1406 venturum
1600 1338 1835 1424 fuisse3
1863 1340 1916 1405 si
1960 1338 2116 1432 quid
2162 1336 2270 1406 ille
2311 1362 2382 1406 sc

262 1439 409 1508 velit
424 1495 443 1528 ‚
472 1440 662 1510 illum
706 1441 793 1509 ad
836 1466 905 1510 se
946 1443 1171 1512 venire
1204 1458 1527 1538 oportere.
1554 1445 1877 1512 Praeterea
1906 1468 1975 1513 se
2003 1468 2215 1538 neque
2243 1447 2385 1512 sine

265 1550 542 1616 exercitu
586 1550 656 1616 in
700 1572 809 1618 eas
850 1563 1072 1643 partes
1114 1548 1345 1618 Galliae
1384 1551 1610 1618 venire
1652 1549 1893 1618 audere
1913 1575 2124 1644 ,quas
2160 1552 2386 1618 Caesar

265 1636 656 1746 possidet-eu
692 1678 907 1792 neque
947 1658 1305 1724 exercitum
1335 1658 1473 1725 sine
1511 1678 1755 1750 magno
1787 1670 2160 1724 commeatu
2188 1670 2386 1749 atque

269 1749 723 1829 emolimento⁴
746 1764 816 1829 in
844 1787 1052 1830 unum
1079 1761 1298 1831 locum
1324 1764 1716 1831 contrahere
1745 1784 1980 1856 posse:
2013 1763 2135 1830 sibi
2162 1776 2384 1829 autem

274 1866 509 1933 mirum
547 1867 749 1936 videri
768 1868 978 1961 ,quid
1036 1871 1105 1936 in
1155 1893 1273 1937 sua
1318 1855 1573 1938 Gallia⁵
1579 1922 1598 1957 ‚
1633 1892 1831 1963 quam
1871 1867 2044 1937 bello
2085 1870 2386 1955 vicisset,

279 1985 396 2039 aut
430 1975 697 2062 Caesari,
734 1989 850 2042 aut
886 1977 1156 2044 omnino
1181 1973 1437 2070 Populo
1464 1977 1771 2044 Romano
1798 1978 2045 2070 negotii
2071 1987 2258 2043 esset.
2293 2002 2327 2038 n

384 2080 654 2149 XXXV.
701 2083 823 2148 His
867 2084 1195 2175 responsis
1231 2082 1315 2151 ad
1352 2084 1680 2151 Caesarem
1716 2081 1936 2150 relatis
1965 2080 2009 2169 ¹,
2030 2084 2268 2149 iterum
2306 2079 2391 2149 ad

281 2209 429 2252 eum
468 2189 685 2255 Caesar
727 2185 976 2281 legatos
1011 2212 1164 2256 cum
1208 2189 1309 2257 his
1344 2189 1670 2257 mandatis
1703 2190 1903 2256 mittit
1928 2208 2017 2255 r«
2053 2188 2390 2275 Quoniam

278 2305 455 2360 tanto
505 2317 628 2361 suo
686 2293 1044 2388 populique
1097 2297 1351 2363 romani
1411 2294 1733 2363 beneficio
1759 2292 1781 2317 ²
1821 2293 2099 2362 affectus
2123 2347 2143 2379 ‚
2183 2316 2391 2387 quum

276 2398 339 2464 in
379 2398 725 2468 consulatu
784 2423 903 2468 suo
962 2424 1077 2471 rex
1116 2410 1313 2495 atque
1355 2403 1604 2470 amicus
1658 2424 1697 2467 a
1739 2402 1985 2469 Senatu
2027 2396 2393 2493 appellatus

346 2644 473 2698 Cu».
517 2641 776 2697 XXXIV.
826 2663 874 2697 1.
923 2646 1146 2716 Legatos.
1199 2646 1282 2698 ΑΙ.
1371 2651 1638 2697 nimentum.
1671 2644 2166 2708 SedRuhnkenius‚
2189 2656 2242 2698 et
2272 2657 2394 2698 ante

275 2723 489 2792 legamus.
520 2725 631 2776 Alii
655 2725 909 2777 omittunt
930 2726 1034 2777 hoc
1064 2727 1286 2778 verbum
1371 2744 1493 2778 eum
1522 2725 1787 2778 Gesnerus
1817 2727 1872 2777 in
1913 2725 2043 2779 thes.
2075 2725 2222 2777 latin.
2260 2724 2389 2796 ling.

273 2802 408 2874 quod
432 2804 613 2876 reipsa
642 2817 813 2876 potest
842 2806 1031 2857 omitti.
1064 2806 1141 2858 Μ.
1371 2805 1529 2858 scribi
1560 2803 1753 2858 dehere
1772 2803 2100 2859 contendunt
2123 2806 2390 2856 emolimen-

351 2904 398 2936 2.
443 2886 658 2936 Diceret.
693 2885 1078 2950 constitueret,
1097 2886 1286 2938 solein-
1375 2896 1494 2947 tum,
1529 2885 1624 2936 ubi
1655 2884 1857 2947 molitio,
1893 2884 2036 2936 nisus
2068 2885 2152 2949 fit,
2184 2897 2237 2936 et
2267 2903 2392 2934 emo·

274 2982 337 3015 ue
363 2966 618 3029 verbum,
648 2976 708 3015 ut
737 2964 859 3015 diem
891 2965 1045 3015 dicere
1074 2983 1156 3035 ap.
1190 2984 1287 3036 op·
1374 2965 1626 3015 Iumentum
1652 2961 1758 3016 dici
1779 2961 1846 3015 de
1868 2961 2108 3034 profectu
2135 2975 2189 3015 et
2216 2964 2393 3016 fructu

274 3043 419 3097 timos
440 3045 742 3116 scriptores.
759 3042 895 3096 Edd.
911 3056 1036 3096 vett.
1054 3055 1106 3096 et
1130 3042 1285 3096 codd.
1372 3042 1678 3096 molitionis.
1712 3044 1792 3095 lta
1819 3042 1954 3107 fere,
1972 3040 2066 3094 sed
2096 3042 2261 3094 fusius
2289 3041 2395 3094 dis-

273 3125 517 3192 permulti
549 3124 790 3193 deligeret.
823 3123 1003 3175 Minus
1034 3124 1184 3176 bene.
1373 3124 1499 3175 serit
1526 3122 1706 3174 Oberl.
1749 3122 1873 3175 Hoec
1912 3134 2086 3174 autem
2122 3119 2393 3173 distinctio

352 3204 400 3255 3.
446 3204 725 3256 Ariovistus
754 3203 1008 3274 respondit.
1048 3202 1145 3254 His
1171 3221 1288 3255 ver·
1373 3204 1511 3254 inter
1561 3203 1912 3254 emolumentum
1959 3213 2013 3254 et
2053 3200 2392 3252 emolimemum

276 3282 352 3334 bis
375 3284 519 3336 Hor.
548 3303 645 3349 ιιι,
668 3283 956 3347 10‚Ariov.
980 3301 1289 3354 responsum
1374 3281 1618 3335 subtilior
1646 3281 1806 3353 paulo
1836 3281 1989 3333 nobis
2017 3282 2127 3334 visa
2156 3292 2250 3333 est.

278 3363 427 3415 refert
450 3381 465 3415 ε
495 3364 621 3431 Quis
647 3374 721 3413 est
740 3375 892 3414 autem
924 3362 1132 3415 Coesare’
1148 3363 1225 3414 Et
1248 3366 1294 3413 si
1459 3363 1508 3414 5.
1551 3361 1654 3414 Sua
1689 3359 1872 3415 Gallia.
1904 3361 1936 3413 J
1941 3380 2026 3413 am
2054 3379 2188 3412 suam
2219 3359 2396 3452 appel·-

277 3444 399 3503 vult,
418 3446 608 3504 veniat,
628 3447 797 3515 inquit.
825 3443 899 3494 Et
924 3442 1042 3514 quid
1054 3443 1125 3493 ad
1137 3443 1286 3504 illum,
1374 3442 1516 3494 labat
1554 3439 1876 3506 Ariovistus,
1907 3442 2104 3513 quippe
2144 3441 2237 3511 qui
2277 3457 2393 3492 eam

280 3523 391 3593 qnid
431 3534 557 3592 agat
602 3535 766 3573 nostru
812 3522 1072 3575 Germania
1093 3530 1123 3573 Ρ
1161 3522 1291 3576 Num
1375 3522 1610 3588 vicisset,
1643 3533 1695 3574 et
1735 3521 1896 3574 totius
1938 3518 2254 3591 occupanda!
2300 3538 2394 3590 spe

276 3621 361 3671 ego
391 3623 463 3653 me
495 3606 742 3674 interpono
771 3601 1038 3654 Romanis?
1379 3602 1617 3654 aleretur.
1647 3602 1908 3654 Caeterum
1938 3601 2097 3653 fastus
2128 3611 2182 3650 et
2210 3617 2394 3669 super·

354 3689 406 3746 4.
450 3683 791 3734 Emolimento.
830 3682 1060 3745 Labore,
1103 3684 1292 3754 opera,
1378 3682 1478 3734 biae
1489 3681 1706 3753 plenum
1720 3693 1797 3734 est
1807 3680 2054 3734 Ariovisti
2066 3696 2393 3749 responsum.

278 3778 305 3812 a
332 3764 496 3814 verbo
529 3763 738 3823 emoliri,
774 3760 1066 3828 moliendo,
1099 3781 1296 3814 conan-
1461 3761 1590 3814 Car.
1619 3759 1846 3814 XXXV.
1878 3778 1925 3812 1.
1954 3760 2151 3812 Relatis.
2171 3758 2252 3809 Ita
2268 3776 2396 3829 quo-

276 3838 447 3912 doque
460 3841 742 3914 pervenire
758 3841 1177 3912 aliqu0,efficere
1202 3841 1297 3893 ali-
1381 3859 1482 3912 que
1513 3859 1590 3911 gr.
1617 3840 1835 3911 interpr.
1858 3840 2039 3892 τούτων
2071 3845 2143 3908 τῷ
2179 3839 2395 3909 Καίσαρι

278 3920 421 3992 quid.
475 3921 711 3986 Quidam
762 3921 1050 3984 molimento,
1110 3919 1296 3973 eodem
1385 3920 1803 3990 ἀπαγγελθέντων.
1824 3917 1964 3971 Male
1984 3915 2139 3972 codd.
2160 3918 2328 3969 nostri
2344 3929 2406 3971 et

278 4018 444 4054 sensu.
492 3999 666 4053 Codd.
729 4001 835 4052 fere
891 4020 1072 4054 omnes
1129 4001 1300 4052 emolu-
1382 3997 1503 4052 edd.
1530 4011 1657 4051 vett.
1689 4000 1874 4069 legatis.

281 4080 666 4133 ntentaGraecus
690 4080 946 4153 interpres
960 4080 1211 4148 ἀσχολίαν.
1232 4082 1301 4132 At
1468 4098 1516 4131 a.
1561 4078 1625 4131 P.
1655 4078 1716 4131 R.
1749 4075 1983 4148 beno-ficto.
2019 4077 2171 4148 Supr.
2217 4094 2262 4128 c.
2303 4076 2395 4129 33.

276 4160 515 4232 plerique
543 4162 854 4232 interpretes
875 4179 985 4212 uon
1015 4160 1179 4230 magis
1202 4158 1302 4212 dis·
1386 4158 1552 4211 Porro
1591 4177 1782 4230 magno
1821 4156 2015 4210 honori
2056 4175 2165 4209 esse
2204 4156 2403 4209 solebat

280 4239 417 4291 ferre
444 4252 635 4311 putant
674 4242 1013 4292 emolimentum
1045 4252 1099 4293 et
1123 4240 1297 4291 emolu·
1385 4239 1684 4294 societatem
1710 4251 1762 4292 et
1792 4238 2071 4293 amicitiam
2103 4236 2162 4290 P.
2197 4238 2260 4290 R.
2287 4233 2403 4292 adi-

282 4331 504 4384 mantum,
524 4339 696 4393 -quam
729 4333 1068 4374 monumentum
1106 4331 1159 4374 et
1198 4339 1297 4372 mo·
1383 4318 1531 4391 pisci.
