3111 5147
595 551 732 657 ‘DE
784 589 1127 656 BELLo
1181 589 1667 658 GALLicO.
1726 591 1913 658 Lm.
1970 591 2051 656 v.
2266 591 2397 659 181'

271 697 425 807 bat}
453 732 522 788 et
554 719 859 814 praesidio
890 719 1168 788 navibus
1195 720 1280 808 Q.
1305 707 1603 788 Atrium⁴
1627 721 1918 815 praefecit
1929 706 1971 787 ⁵.
2000 724 2186 814 Ipse,
2210 736 2409 789 noctu

273 850 669 920 progressus
722 825 924 894 millia
966 847 1275 920 passuum
1329 827 1590 894 circiter
1639 828 1810 914 XII,
1854 828 2141 895 hostium
2187 831 2411 922 copias

275 935 704 1027 conspicatus
730 947 846 1000 est.
880 931 1020 1020 Illi,
1045 933 1339 1026 equitatu
1374 946 1572 1027 atque
1595 932 1838 1001 essedis
1867 933 1950 1001 ad
1979 933 2226 1001 flumen
2256 959 2409 1028 pro·

279 1040 525 1132 gressi,
560 1064 641 1107 ex
694 1037 844 1107 loco
888 1040 1225 1133 superiore
1267 1053 1530 1108 nostros
1574 1038 1957 1133 prohibere,
2000 1053 2066 1107 et
2107 1038 2411 1134 proelium

282 1146 701 1214 committere
746 1159 1107 1240 coeperunt.
1159 1143 1434 1239 Repulsi
1479 1145 1565 1213 ab
1605 1147 1933 1238 equitatu,
1975 1168 2044 1213 se
2099 1147 2166 1212 in
2219 1145 2414 1215 silvas

272 1250 705 1341 abdiderunt,
748 1250 969 1321 locum
997 1253 1174 1321 nacti
1237 1252 1497 1345 egregie
1539 1267 1607 1320 et
1639 1267 1877 1320 natura
1919 1267 1986 1320 et
2023 1276 2224 1346 opere
2260 1278 2407 1320 mu-

279 1359 493 1426 nitum
516 1383 776 1452 ,quem
829 1358 1168 1427 domestici
1227 1355 1424 1445 belli,
1471 1372 1548 1426 ut
1605 1358 1985 1446 videbatur,
2033 1382 2233 1427 causa
2273 1359 2413 1453 jam

281 1479 433 1532 ante
461 1479 1045 1560 praeparaverant.
1079 1488 1234 1532 nam
1274 1464 1521 1532 crebris
1557 1463 1901 1532 arboribus
1939 1450 2242 1533 succisis⁶
2271 1490 2412 1534 om-

280 1595 396 1639 nes
435 1573 747 1639 introitus
783 1584 973 1639 erant
1008 1568 1326 1665 praeclusi.
1363 1572 1501 1689 Ipsi
1537 1595 1617 1638 cx
1653 1569 1829 1639 silvis
1866 1571 1996 1638 rari
2032 1595 2411 1665 propugna-

282 1675 481 1764 bant,
524 1691 917 1770 nostrosque
977 1678 1151 1744 intra
1202 1677 1599 1746 munitiones
1649 1676 1903 1772 ingredi
1949 1676 2408 1772 prohibebant.

285 1785 371 1852 At
418 1783 658 1853 milites
711 1782 984 1879 legionis
1035 1785 1170 1852 VII
1195 1837 1215 1870 ,
1270 1783 1595 1876 testudine
1638 1782 1848 1852 facta⁷
1874 1836 1893 1870 ,
1937 1797 2004 1850 et
2048 1806 2286 1877 aggere
2329 1783 2415 1854 ad

291 1891 680 1960 munitiones
707 1890 999 1984 adjecto,
1016 1887 1236 1959 locum
1266 1904 1615 1984 ceperunt,
1633 1913 1875 1982 eosque
1893 1914 1974 1957 ex
2003 1888 2181 1957 silvis
2207 1914 2409 1984 expu-

293 1991 540 2082 lerunt,
572 1998 799 2091 paucis
832 1994 1213 2064 vulneribus
1251 1997 1558 2090 acceptis.
1596 1995 1726 2064 Sed
1758 2019 1871 2064 eos
1906 1994 2229 2089 fugientes
2269 1994 2410 2063 lon-

294 2102 439 2196 gius
484 2103 698 2173 (ζωι-
736 2104 1045 2197 prosequi
1114 2104 1356 2190 vetuit,
1400 2115 1466 2169 et
1503 2101 1680 2196 quod
1722 2100 1847 2170 loci
1882 2116 2187 2170 naturam
2224 2102 2413 2195 ignoss

293 2207 518 2296 rabat,
559 2224 625 2278 et
649 2209 867 2304 quod,
911 2231 1153 2303 magna
1188 2222 1376 2302 parte
1414 2205 1542 2275 diei
1582 2222 1974 2302 consumpta
1996 2260 2016 2296 ,
2063 2208 2411 2276 munitioni

292 2327 650 2383 castrorum
697 2330 958 2410 tempus
993 2313 1270 2408 relinqui
1307 2313 1591 2382 volebat.

389 2422 473 2489 X.
531 2422 852 2491 Postridie
894 2421 1034 2515 ejus
1070 2419 1197 2489 diei
1233 2445 1425 2489 mane
1461 2421 1791 2515 tripartito
1826 2416 2097 2489 milites¹
2132 2419 2409 2512 equites-

288 2552 410 2621 que
452 2529 523 2596 in
568 2528 1050 2623 expeditionem
1092 2528 1304 2617 misit,
1346 2542 1422 2596 ut
1471 2552 1619 2615 eos,
1662 2529 1775 2621 qui
1819 2525 2155 2621 fugerant,
2191 2529 2416 2620 perse-'

288 2649 660 2728 querentur.
705 2638 824 2704 His
864 2634 1271 2730 aliquantum
1315 2636 1562 2702 itineris
1605 2634 2003 2729 progressis,
2038 2657 2241 2727 quum
2273 2632 2411 2725 Jam

289 2743 560 2811 extremi
601 2755 819 2811 essent
853 2743 919 2810 in
961 2739 1352 2836 prospectu²
1370 2793 1390 2829 ,
1422 2742 1672 2834 equites
1710 2763 1749 2807 a
1793 2741 1876 2828 Q.
1921 2740 2109 2811 Atrio
2147 2736 2231 2806 ad
2267 2740 2408 2807 Cae-

291 2926 414 2980 loeo.
437 2957 520 2968 —
535 2924 740 2996 Aperta.
769 2922 942 2977 Nullis
966 2924 1191 2994 rupibus
1216 2933 1307 2975 aut
1475 2922 1525 2974 5.
1557 2922 1801 2986 Proesoca't.
1837 2918 2009 2973 Ciaco.
2036 2919 2165 2990 legit
2183 2922 2413 2989 prosece-

291 3005 660 3076 prominentiis
685 3002 959 3076 impedito.
991 3003 1068 3055 M.
1392 3012 1498 3063 rat,·
1512 3011 1573 3051 ut
1593 2999 1853 3051 cohoereat
1873 3016 1996 3053 cum
2025 3016 2088 3050 eo
2114 2996 2257 3068 quod
2276 3017 2413 3069 prm-

368 3093 420 3149 4.
466 3085 535 3154 Q.
581 3086 797 3137 Atrium.
840 3082 1067 3135 Ursinus
1106 3082 1308 3134 Arrium
1393 3079 1575 3144 cessit,
1601 3077 1893 3148 relinquebat
1911 3096 1929 3128 .·
1948 3074 2274 3146 sedproesecit
2290 3096 2412 3129 vera

289 3164 441 3236 legit,
468 3177 520 3216 et
543 3175 701 3235 negat
719 3176 903 3217 notam
923 3162 1024 3214 sibi
1055 3160 1307 3213 familiam
1392 3171 1471 3213 ent
1511 3158 1701 3223 lectio,
1745 3170 1799 3209 et
1840 3155 2069 3209 cohoeret
2086 3193 2104 3221 ,
2144 3173 2253 3207 non
2284 3174 2409 3209 cum

297 3246 503 3297 Aeriam.
520 3245 660 3296 Atin
677 3242 1020 3315 inscriptione
1033 3241 1310 3311 antiqua,a
1395 3237 1685 3311 relinquebat
1712 3275 1727 3298 ‚
1778 3234 1871 3289 sed
1922 3254 2044 3288 cum
2086 3233 2413 3306 praee-dente

296 3324 484 3378 Venio
497 3324 675 3389 citata,
689 3322 1030 3376 nomenAtrii
1044 3321 1302 3375 occurrit:
1396 3317 1650 3371 contendit.
1685 3312 1891 3379 (codd.
1934 3315 2104 3367 nostri
2134 3311 2413 3386 prefecit.)

459 3404 529 3470 Q.
557 3404 798 3456 ATRIO.
830 3401 1123 3456 CLONIO.
1397 3400 1604 3453 Cim·

489 3484 649 3537 LEG.
680 3483 850 3535 AVG.
882 3482 992 3534 PR.
1025 3482 1135 3534 PR.
1440 3481 1495 3531 6.
1521 3476 1788 3531 Arboribus
1801 3478 2008 3527 succisis.
2029 3472 2310 3527 Concaedes
2331 3492 2419 3546 ap·

525 3561 1086 3616 PROVINCIARVM
1395 3558 1554 3630 pellat
1563 3558 1792 3611 Tacitus.
1817 3557 1952 3608 Item
1970 3554 2191 3623 Gregor.
2210 3553 2412 3605 Turon.

378 3640 725 3696 THRACIAE.
744 3640 1229 3696 CAPPADOCIAE.
1482 3655 1534 3708 7.
1567 3638 1616 3689 T
1611 3636 1821 3688 estudine
1839 3638 1999 3703 sacta.
2034 3631 2162 3685 vid.
2193 3633 2229 3687 l.
2273 3650 2351 3698 11,
2379 3636 2413 3686 6

508 3720 735 3775 SYRIAE
787 3720 1100 3773 MAIORIS.
1399 3728 1453 3769 et
1477 3717 1554 3768 ibi
1583 3729 1781 3768 notam.

394 3800 752 3855 HISPANIAE
783 3798 1208 3853 CITERIORIS.
1480 3796 1610 3848 Car.
1624 3796 1691 3847 X.
1712 3814 1732 3848 1
1746 3836 1758 3848 .
1780 3794 1977 3846 Milites.
1996 3790 2061 3845 Id
2085 3803 2180 3857 est,
2197 3789 2420 3862 pedites,

453 3880 832 3935 CLAVDIVS.
863 3879 1139 3932 IVSTVS.
1401 3888 1461 3928 ut
1472 3874 1863 3944 distinguantur
1874 3874 1939 3924 ab
1951 3870 2421 3943 equitibus:prima

412 3960 574 4013 LEG.
601 3961 714 4014 vn
743 3959 1000 4013 GEMIN.
1032 3958 1094 4011 P.
1128 3958 1188 4010 F.
1401 3955 1545 4007 enim
1589 3954 1728 4006 inter
1771 3953 2012 4004 homines
2055 3951 2234 4022 praelia
2275 3951 2422 4003 fuere

297 4040 737 4093 SEVERIANAE.
779 4038 1317 4092 ALEXANDRINAE
1402 4033 1680 4107 pedestria.
1697 4033 1783 4086 sic
1801 4044 1855 4084 et
1866 4033 2094 4083 exercitus
2108 4048 2207 4101 pro
2219 4029 2422 4102 pedita-

299 4115 1314 4173 PRAESID1.ABST1NENTISSIMO.
1406 4127 1492 4180 tu,
1509 4126 1562 4167 et
1589 4113 1645 4165 h.
1676 4114 1711 4165 l.
1743 4112 1928 4163 milites.
1956 4112 2021 4162 In
2050 4108 2238 4163 eodem
2267 4130 2421 4164 seusu

301 4199 546 4266 Gruter.
595 4218 658 4252 ex
717 4199 893 4270 Pighii
942 4195 1315 4267 autographia,
1407 4194 1524 4248 Liv.
1541 4195 1668 4246 Dec.
1684 4211 1786 4257 111,
1805 4196 1870 4254 4¹
1889 4190 2422 4263 ,vit-ipropeditibus.

305 4297 553 4333 unocxci.
588 4279 639 4332 5.
1493 4294 1543 4327 ο.
1572 4274 1635 4328 ln
1648 4283 1916 4344 prospectu.
1943 4272 2024 4325 Ita
2050 4268 2207 4326 codd.
2231 4285 2285 4326 et
2301 4269 2425 4324 edd.

1978 4365 2115 4450 12³
