3111 5147
531 535 672 605 DE
735 537 1071 622 BELLO
1137 538 1628 608 GALLICO.
1685 541 1871 611 LIB.
1929 543 2058 609 IV.

2240 540 2379 616 165

252 690 498 763 pugnae
521 721 541 756 ,
581 683 882 764 tempore
937 671 1490 764 opportunissimo
1545 673 1767 741 Caesar
1821 671 2129 741 auxilium
2182 672 2381 743 tulit:

254 797 548 869 namque
595 776 736 868 ejus
791 775 1079 844 adventu
1131 776 1352 845 hostes
1402 779 1836 845 constiterunt
1860 830 1879 864 ,
1915 780 2120 847 nostri
2181 803 2249 847 se
2302 804 2385 848 ex

255 881 497 949 timore
552 896 962 976 receperunt.
1019 883 1174 970 Quo
1232 881 1453 970 facto,
1489 881 1575 950 ad
1640 880 2135 953 lacessendum²
2183 898 2249 952 et
2301 884 2386 952 ad

257 988 809 1056 committendum
853 986 1148 1082 praelium
1189 936 1473 1057 alienum
1517 1013 1658 1056 esse
1703 1003 1961 1083 tempus
2004 990 2385 1078 arbitratus,

261 1117 385 1161 suo
443 1117 516 1161 se
571 1091 718 1162 loco
773 1094 1128 1182 continuit,
1167 1107 1235 1162 et
1286 1094 1470 1161 brevi
1517 1108 1816 1190 tempore
1871 1096 2275 1183 intermisse,
2319 1096 2389 1163 in

262 1214 479 1267 castra
524 1197 813 1293 legiones
853 1198 1126 1267 reduxit.
1168 1201 1350 1267 Dum
1396 1200 1537 1269 haec
1583 1214 1935 1330 geruntur,
1964 1202 2201 1271 nostris
2244 1226 2386 1269 om·

265 1305 461 1378 nibus
504 1307 875 1399 occupatiS,
899 1306 1011 1398 qui
1053 1319 1243 1373 erant
1284 1307 1352 1372 in
1405 1306 1577 1399 agris
1616 1291 1909 1444 reliqui³,
1931 1306 2389 1377 discesserunt.

268 1413 526 1480 Secutae
569 1425 724 1479 sunt
763 1413 1107 1481 continuos
1151 1410 1521 1504 complures
1563 1400 1735 1479 dies*
1770 1426 2219 1506 tempestateS,
2245 1437 2391 1508 quae

267 1530 335 1584 et
368 1530 633 1586 nostros
675 1518 742 1585 in
774 1519 1003 1586 castris
1037 1518 1447 1585 continerent
1469 1570 1488 1601 ‚
1526 1531 1595 1585 et
1632 1516 1889 1586 hostem
1920 1541 1959 1585 a
1983 1542 2207 1612 pugna
2238 1543 2390 1612 pro-

271 1622 591 1691 hiberent.
624 1624 895 1692 Interim
932 1621 1193 1692 barbari
1236 1623 1510 1690 nuncios
1551 1624 1619 1690 in
1664 1645 1890 1691 omncs
1948 1636 2165 1717 partes
2205 1621 2389 1690 dimi-

273 1742 532 1815 serunt,
560 1730 1088 1823 paucitatemque
1113 1743 1491 1797 nostrorum
1523 1727 1800 1796 militum
1835 1728 1964 1796 suis
1992 1727 2389 1822 praedicave-

277 1848 465 1922 runt,
493 1850 558 1903 et
587 1849 832 1929 quanta
863 1834 1100 1929 praedae
1137 1832 1483 1916 faciendas,
1518 1847 1714 1926 atque
1755 1834 1821 1901 in
1852 1848 2246 1928 perpetuum
2296 1832 2395 1901 sui

281 1937 591 2036 liberandi
630 1940 905 2010 facultas
940 1939 1231 2026 daretur,
1253 1940 1305 2008 si
1336 1941 1675 2007 Romanos
1706 1941 1933 2009 castris
1963 1937 2396 2033 expulissent,

280 2043 907 2116 demonstraverunt.
954 2048 1072 2116 His
1113 2046 1307 2114 rebus
1350 2043 1648 2114 celeriter
1703 2069 1942 2138 magna
1981 2042 2397 2113 multitudine

281 2150 602 2245 peditatus
636 2156 1092 2247 equitatusque
1126 2165 1388 2238 coacta,
1419 2149 1501 2218 ad
1531 2165 1745 2220 castra
1786 2165 2128 2219 venerunt.

385 2260 664 2329 XXXV.
698 2262 948 2347 Coesar,
969 2261 1091 2327 etsi
1125 2257 1330 2344 idem,
1352 2256 1536 2351 quod‘
1561 2255 2002 2351 superioribus
2032 2253 2258 2323 diebus
2289 2277 2400 2323 ac-

284 2363 558 2453 ciderat,
583 2365 725 2434 fore
756 2364 1054 2454 videbat,
1086 2379 1193 2453 ut,
1217 2364 1269 2433 si
1303 2377 1520 2432 essent
1558 2362 1782 2432 hostes
1825 2360 2032 2456 pulsi,
2068 2359 2399 2431 celeritate

281 2470 644 2564 periculum
687 2472 1089 2567 effugerent3
1120 2485 1339 2539 tamen
1389 2484 1622 2539 nactus
1676 2469 1923 2563 equites
1975 2469 2234 2537 circiter
2284 2467 2400 2532 tri-

283 2578 516 2672 ginta¹,
538 2604 707 2673 quos
750 2581 1090 2648 Commius
1120 2578 1431 2664 Atrebas,
1465 2576 1549 2644 de
1580 2601 1713 2670 quo
1756 2589 1908 2643 ante
1949 2572 2200 2643 dictum
2243 2584 2341 2641 est
2353 2568 2403 2660 ²,

285 2708 502 2754 secum
533 2698 1130 2779 transportaverat,
1154 2681 1439 2779 legiones
1472 2684 1539 2750 in
1578 2683 1718 2752 acie
1757 2706 1880 2775 pro
1912 2681 2139 2750 castris
2173 2678 2404 2748 consti·

288 2793 418 2859 tuit.
465 2792 840 2860 Commisso
872 2789 1135 2884 praelio,
1167 2789 1408 2858 diutius
1450 2802 1832 2857 nostrorum
1872 2786 2151 2854 militum
2196 2787 2401 2877 impe-

282 2965 570 3035 perturbatis
585 2967 775 3016 nostris.
797 2964 994 3016 Lucan.
1008 2963 1046 3015 l.
1065 2963 1147 3026 H,
1172 2962 1301 3031 572,

291 3043 492 3098 inducit
556 3044 870 3114 Pompeium
923 3040 1186 3095 dicentem
1236 3037 1305 3092 de

292 3124 489 3177 Caesare
513 3141 529 3176 ε

293 3202 466 3248 Ten-ita
483 3200 691 3263 quesitis
708 3199 910 3245 ostendit
923 3209 1052 3261 terga
1065 3198 1306 3245 Britannis.

296 3281 404 3336 Hoc
435 3283 590 3348 loco,
623 3280 809 3335 callide
836 3281 959 3335 satis
986 3282 1162 3351 fingam
1192 3279 1310 3331 velo

294 3360 573 3432 pretendit
585 3361 822 3413 officioso
829 3372 1025 3426 noster,
1034 3372 1086 3413 et
1094 3357 1312 3430 quidem

298 3443 544 3512 speciosis
550 3440 744 3493 verbis.
757 3440 1085 3492 Generaliter
1095 3440 1315 3510 exig-uus

303 3518 586 3572 admodum
611 3520 714 3571 suit
742 3520 900 3589 hujus
919 3516 1047 3571 belli
1070 3530 1315 3581 eventus,

302 3599 519 3651 vanitati
537 3598 708 3663 ducis,
723 3617 882 3669 quam
906 3598 1120 3650 utilitati
1136 3598 1317 3669 reipu-

302 3678 453 3731 blice
486 3679 645 3749 magis
672 3675 961 3731 tribuendi.

385 3778 438 3810 2.
463 3757 556 3810 Ad
578 3757 912 3810 lacessendam.
939 3755 1196 3808 Nonnulli
1226 3751 1319 3806 ad-

305 3835 437 3890 dunt
468 3838 673 3899 bostem,
698 3838 812 3890 sine
840 3836 1160 3889 necessitate.

385 3917 439 3970 3.
470 3916 575 3986 Qui
595 3928 735 3967 erant
758 3920 808 3968 in
831 3920 966 3986 agris
984 3915 1171 3986 reliqut‘.
1198 3912 1322 3966 scil.

304 3996 573 4063 Britanni,
592 3993 866 4067 dequibus
895 4007 1016 4047 ante
1038 3989 1183 4064 (cap.
1218 3989 1324 4056 32)

305 4073 524 4128 dixerat.

388 4161 442 4217 ⁴.
477 4154 744 4208 Continuat
765 4155 1022 4226 consulut-es
1050 4151 1168 4205 dies.
1199 4149 1331 4205 Sub-

307 4231 430 4286 audi
450 4254 558 4306 per.

1470 2962 1600 3014 Car.
1631 2960 1863 3012 XXXV.
1900 2977 1950 3011 1.
1982 2959 2186 3028 Equites
2223 2959 2412 3008 circiter

1393 3042 1613 3109 triginta.
1631 3039 1829 3089 Mirum
1847 3037 1977 3099 hoc,
1990 3054 2088 3087 nec
2107 3037 2219 3087 sine
2238 3052 2410 3086 exem-

1391 3121 1499 3192 plo·
1527 3115 1656 3171 Vid.
1675 3116 1797 3169 bell.
1824 3115 1938 3167 Afr.
1958 3133 2004 3167 c.
2037 3118 2092 3167 6.
2115 3113 2411 3165 Hotmamn

1393 3216 1518 3270 ergo
1547 3214 1657 3249 non
1689 3191 2011 3255 andiendus,
2046 3192 2140 3264 qui
2171 3209 2233 3243 ex
2265 3192 2410 3261 inge-

1394 3278 1488 3331 nio
1517 3295 1615 3330 suo
1639 3275 1794 3329 CCC.
1822 3274 2069 3345 ponebat.
2090 3270 2307 3323 Graecus
2325 3270 2416 3322 ha-

1396 3358 1487 3409 bet
1507 3358 1789 3427 τρίακοντοι.
1814 3354 1960 3406 Falsa
1987 3362 2161 3404 antem
2189 3362 2267 3403 est
2289 3349 2420 3402 Hot-

1397 3436 1540 3489 mani
1571 3431 1886 3488 emendatio.
1926 3433 1978 3485 Is
2007 3431 2149 3484 enim
2182 3446 2417 3482 errorem

1399 3513 1571 3568 eredit
1592 3528 1770 3567 ortum
1796 3532 1860 3564 ex
1885 3512 1996 3564 300
2018 3529 2118 3582 pro
2136 3527 2244 3580 quo
2263 3508 2420 3560 libra-

1400 3596 1513 3648 rius
1537 3592 1804 3664 scripserit
1834 3593 1923 3644 30.
1952 3593 2021 3643 At
2044 3590 2101 3642 in
2122 3588 2269 3641 nullo
2297 3584 2417 3639 cod.

1403 3674 1624 3744 antiquo
1661 3671 1869 3724 numeri
1896 3671 2203 3722 scribuntur
2233 3666 2422 3719 titteris

1405 3753 1654 3816 arabicis,
1677 3769 1795 3822 quae
1819 3768 1927 3802 non
1958 3767 1985 3800 a
2003 3747 2261 3801 Gothiset
2276 3747 2421 3797 Van-

1407 3830 1566 3894 dalis,
1586 3842 1645 3882 ut
1661 3824 2014 3881 vultVosaius
2028 3864 2046 3892 ,
2065 3825 2155 3879 sed
2172 3844 2202 3877 a
2224 3823 2425 3876 Mauris

1409 3912 1465 3963 iu
1511 3909 1819 3979 Hispaniam
1861 3906 2199 3976 paucioribus
2235 3898 2427 3956 abhinc

1409 3984 1611 4042 aculis
1637 3999 1758 4039 sunt
1786 3987 1969 4038 allatae.
1988 3985 2157 4037 Porro
2183 3985 2239 4036 in
2268 3979 2428 4035 codd.

1412 4080 1653 4122 exaratur
1699 4084 1801 4119 xxx
1825 4103 1842 4128 ‚
1875 4062 2021 4136 quod
2071 4064 2220 4116 nullo
2266 4059 2428 4114 modo

1411 4159 1584 4221 potest
1607 4164 1728 4198 cum
1756 4163 1848 4197 ccc
1877 4141 2153 4197 confundi.

1499 4246 1551 4282 α.
1578 4227 1774 4279 Dictum
1791 4236 1877 4278 est.
1898 4223 2054 4296 Supr.
2082 4242 2128 4277 c.
2161 4241 2226 4277 ιι
2255 4234 2310 4277 et
2339 4238 2429 4290 27.

1898 4316 2035 4403 11⁸
