3111 5147
538 538 681 606 DE
734 538 1083 607 BELLO
1138 538 1635 608 GALLICO.
1692 540 1886 609 LIB.
1938 543 1991 609 I.
2255 540 2342 613 15

208 665 370 737 dent
383 722 405 755 ,
431 669 701 763 perficit
739 696 755 737 ε
794 672 1078 763 Sequani
1093 723 1113 753 ,
1139 694 1225 738 ne
1259 671 1489 739 itinere
1534 669 1869 741 Helvetios
1912 673 2347 767 prohibeant3

213 772 538 863 Helvetii,
567 791 647 845 ut
688 778 827 846 sine
860 774 1187 845 maleficio
1228 790 1295 844 et
1329 777 1568 869 injuria
1609 792 1963 848 transeant.
2055 782 2060 787 Δ

312 884 399 951 X.
461 884 720 953 Caesari
772 876 1200 953 renunciatur
1230 880 1276 970 ¹,
1310 881 1626 953 Helvetiis
1678 910 1818 954 esse
1858 888 1927 953 in
1969 887 2190 955 animo
2226 912 2345 982 per

214 1010 441 1081 agrum
494 991 957 1083 Sequanorum
988 1004 1055 1058 et
1083 988 1449 1058 AEduorum
1491 992 1617 1059 iter
1658 991 1725 1058 in
1770 993 2137 1061 Santonum
2181 992 2345 1063 fines

218 1093 463 1183 facere,
496 1098 615 1190 qui
656 1120 795 1166 non
837 1092 1069 1190 longe²
1108 1119 1148 1163 a
1188 1093 1595 1165 Tolosatium
1623 1096 1864 1166 finibus
1899 1098 2168 1187 absunt,
2197 1124 2342 1194 quae

218 1201 437 1270 civitas
484 1217 592 1270 est
632 1203 703 1270 in
734 1204 1099 1271 Provincia.
1138 1201 1219 1270 Id
1265 1204 1320 1270 si
1360 1201 1582 1290 fieret,
1617 1202 2061 1297 intelligebat,
2099 1229 2341 1300 magno

220 1329 363 1374 cum
392 1310 767 1377 Provinciae
795 1307 1103 1427 periculo
1146 1307 1478 1396 futurum,
1506 1322 1584 1376 ut
1624 1309 1922 1379 homines
1965 1309 2343 1402 bellicosos,

222 1413 437 1507 populi
483 1418 747 1483 romani
788 1417 1120 1502 inimicos,
1156 1413 1318 1483 locis
1360 1414 1735 1508 patentibus
1765 1418 2178 1511 maximeque
2215 1419 2343 1550 frig.-

222 1523 551 1590 mentariis
594 1520 908 1591 finitimos
951 1521 1242 1590 haberet.
1269 1521 1379 1589 Ob
1422 1544 1533 1589 eas
1564 1544 1794 1590 causas
1821 1524 1882 1589 ei
1915 1510 2317 1594 munitioni³
2322 1580 2341 1613 ,

222 1648 407 1718 quam
452 1627 751 1715 fecerat,
787 1631 861 1696 T.
909 1628 1274 1697 Labienum
1330 1630 1656 1721 Legatum
1699 1626 2048 1722 praefecit.
2088 1630 2228 1723 ipse
2271 1633 2339 1698 in

221 1721 521 1801 Italiam⁴
548 1736 807 1828 magnis
832 1735 1174 1804 itineribus
1217 1732 1559 1802 contendit
1572 1733 1910 1828 ,duasque
1933 1734 2022 1802 ibi
2051 1732 2337 1829 legiones

222 1839 608 1927 conscribit,
630 1855 697 1909 et
729 1855 864 1910 tres
888 1865 1088 1936 ,quae
1123 1843 1375 1909 circum
1407 1787 1774 1934 Aquileiam
1804 1840 2216 1929 hiemabant,
2257 1867 2338 1911 ex

222 1941 515 2015 hibernis
555 1946 767 2016 educit
783 2001 802 2034 ,
828 1962 930 2035 et,
957 1972 1088 2043 qua
1115 1949 1489 2042 proximum
1523 1949 1649 2017 iter
1677 1949 1745 2015 in
1778 1945 2156 2017 ulteriorem
2192 1948 2341 2018 Gal-

220 2046 376 2117 liam
418 2076 536 2145 per
563 2052 762 2148 Alpes
805 2068 980 2141 erat,
1008 2079 1161 2123 cum
1204 2054 1307 2123 his
1340 2055 1629 2149 quinque
1657 2051 2022 2148 legionibus
2056 2056 2151 2123 ire
2178 2079 2336 2123 con-

221 2156 442 2225 tendit.
506 2159 609 2227 Ibi
665 2161 1033 2230 Ceutrones
1093 2175 1161 2229 et
1225 2160 1554 2231 Graioceli
1618 2174 1685 2229 et
1742 2162 2137 2253 Caturiges,
2180 2160 2337 2231 locis

219 2265 659 2356 superioribus
716 2269 1090 2360 occupatiS,
1123 2268 1354 2335 itinere
1409 2268 1768 2335 exercitum
1827 2266 2178 2360 prohibere
2229 2293 2337 2337 co·

216 2384 466 2438 uantur.
508 2371 984 2466 Compluribus
1028 2373 1131 2441 his
1165 2372 1402 2466 praeliis
1432 2357 1713 2467 pulsis⁵,
1743 2372 1828 2440 ab
1872 2371 2081 2440 Ocelo
2106 2374 2339 2466 ,quod

212 2489 309 2542 est
334 2478 658 2546 citerioris
683 2464 1088 2548 Provinciae⁶
1118 2493 1516 2566 extremum,
1548 2480 1618 2546 in
1656 2477 1820 2548 fines
1856 2480 2336 2549 Vocontiorum

213 2580 535 2654 ulterioris
578 2588 943 2655 Provinciae
994 2586 1099 2654 die
1152 2588 1432 2680 septimo
1475 2588 1820 2680 pervenit:
1853 2586 2066 2655 inde
2048 2611 2117 2654 ιιι
2159 2586 2337 2657 Allo·

210 2686 489 2783 brogum
528 2690 732 2780 fines,
758 2693 842 2761 ab
877 2690 1343 2786 Allobrogibus
1391 2695 1459 2760 in
1501 2694 1896 2786 Segusiauos
1921 2692 1943 2732 ⁷
1979 2695 2338 2762 exercitum

211 2792 401 2865 ducit.
432 2800 520 2865 Hi
561 2813 717 2866 sunt
753 2814 937 2867 extra
964 2801 1382 2868 Provinciam
1417 2813 1599 2866 trans
1629 2798 2032 2866 Rhodanum
2068 2800 2280 2893 primi.

304 2906 425 2971 xl.
476 2903 762 2973 Helvetii
810 2906 949 2998 jam
1002 2930 1121 3000 per
1173 2905 1508 3000 angustias
1562 2919 1629 2972 et
1671 2904 1832 2973 fines
1879 2905 2333 2998 Sequanorum

266 3102 392 3157 Cu».
409 3104 485 3157 X.
510 3123 534 3156 1
544 3145 560 3157 .
575 3104 1228 3157 Coesan'renunciatur.Vul·

206 3199 269 3250 go
312 3187 587 3236 nunciam.
632 3186 701 3236 At
751 3185 999 3237 usitatum
1044 3196 1123 3236 est
1170 3184 1227 3235 in

209 3262 423 3316 solemni
454 3263 863 3317 adnunciatione
883 3262 1077 3316 addere
1098 3281 1230 3334 prae·

210 3344 535 3411 positionem.
556 3345 688 3410 Qum
702 3344 771 3396 sit
786 3363 909 3396 vera
919 3344 1076 3397 lectio
1090 3361 1229 3415 qua-

211 3421 360 3491 ritur,
388 3424 571 3496 inquit
594 3423 796 3476 Morus.

282 3522 333 3556 ι.
346 3505 457 3575 Qm‘
466 3523 563 3555 non
588 3504 782 3574 longe...
797 3507 847 3555 in
865 3501 1226 3556 vainc.Hoec

207 3583 357 3636 verba
414 3584 879 3656 interpolationem
930 3583 1224 3655 glossatoris

205 3662 473 3733 cujusdam
521 3683 631 3717 esse
682 3663 898 3735 conjicit
944 3664 986 3716 1.
1034 3663 1096 3715 C.
1152 3661 1219 3714 H.

206 3735 545 3814 (anonymus
577 3742 793 3815 quidam
851 3744 917 3795 ab
965 3741 1222 3795 Oberlino

206 3822 465 3876 multoties
494 3823 717 3876 citatus:
742 3821 865 3874 vide
892 3822 1223 3875 Miscellanea

212 3917 335 3954 nova
361 3903 508 3973 Lips.
538 3915 577 3955 t.
608 3921 654 3955 u
680 3921 693 3955 :
718 3899 810 3965 )at
837 3904 895 3954 in
923 3900 1079 3956 codd.
1112 3921 1224 3954 om-

209 3979 354 4035 nibus
385 3994 441 4033 et
475 3981 596 4034 edd.
628 3983 981 4054 reperiuntur.

281 4061 333 4115 3.
368 4062 448 4113 Ei
467 4066 731 4114 munitioni.
763 4061 873 4115 scil.
905 4079 1090 4126 muro,
1109 4058 1219 4113 vid.

208 4154 314 4209 sup.
346 4159 396 4193 c.
440 4142 492 4194 8.
529 4166 605 4176 —
644 4142 872 4194 Munitcb.
916 4140 1224 4213 generaliter

210 4218 531 4289 fou-tfication,
558 4222 945 4275 retr-unchement.

290 4306 338 4361 6.
363 4302 422 4353 In
442 4302 656 4356 Italiam.
682 4303 747 4355 In
770 4301 997 4357 Galliam
1019 4299 1226 4355 citerio-

1314 3119 1457 3168 rem,
1493 3103 1590 3156 ubi
1615 3102 1699 3155 lm
1742 3102 1991 3156 dicuntur
2032 3106 2339 3177 conscriptae

1313 3181 1701 3256 legiones3vid.
1733 3201 1779 3236 c.
1809 3190 1898 3247 ²4·

1401 3263 1450 3315 6.
1489 3262 1818 3334 Compluribus
1848 3263 1921 3314 his
1945 3263 2128 3334 preliis
2159 3266 2331 3336 pubis.

1314 3342 1413 3395 Rei
1441 3341 1599 3414 hujus
1627 3343 1868 3395 meminit
1897 3343 2174 3414 Polymm
2199 3363 2333 3412 vm,

1322 3422 1390 3474 23
1419 3438 1432 3474 :
1456 3420 1548 3475 sed
1564 3423 1698 3475 male
1710 3421 1860 3476 addit
1877 3423 2133 3476 Cmrem
2149 3424 2334 3494 ἀμαχὶ,

1311 3501 1424 3554 sine
1473 3520 1684 3574 pugna,
1733 3503 1890 3575 Alpes
1939 3515 2330 3574 uansgressum.

1313 3580 1587 3635 Οιιιιιιιιιι.

1407 3666 1459 3715 6.
1508 3662 1755 3715 Citerioris
1793 3666 2066 3734 pmtnct'oe.
2108 3661 2333 3716 Galliam

1310 3740 1571 3813 intelligit,
1593 3760 1709 3813 qua!
1729 3742 1804 3795 cis
1820 3743 1974 3813 Alpes
1996 3752 2135 3806 erat,
2151 3742 2333 3793 Romo

1308 3833 1549 3892 respectu
1595 3822 1798 3893 posita,
1834 3822 1984 3873 aliter
2031 3819 2330 3891 Cisalpina,

1308 3901 1444 3954 sicut
1459 3901 1595 3953 infra
1615 3902 1848 3952 ulterior-125
1858 3903 2139 3970 proviacioe,
2162 3914 2330 3954 tram·

1310 3980 1499 4053 alpium
1530 3980 1728 4032 Gallim.

1391 4077 1445 4130 7‘·
1459 4059 1762 4129 Segwianos.
1779 4059 1920 4112 Male
1932 4058 2171 4111 nonnulli
2186 4058 2332 4111 Sebu-

1309 4145 1484 4193 sz'anos.
1510 4140 1645 4190 Rob.
1661 4138 1841 4210 Steph.
1873 4138 2151 4192 Samiam
2179 4139 2330 4211 legit,

1310 4232 1370 4272 ut
1388 4231 1645 4272 vocantur
1660 4218 1850 4272 Plinio.
1875 4220 2017 4273 Bene
2035 4218 2332 4273 ernendavit

1312 4301 1559 4356 Hotman.
1574 4300 1888 4372 Segusiauos,-
1900 4297 2012 4356 vid.
2026 4298 2137 4353 ind.
2152 4318 2325 4372 geogr.
