3111 5147
983 566 1119 641 m
1174 567 1572 643 GALLIS
2194 574 2348 670 489

207 715 281 771 et
312 702 554 798 praedae
589 700 900 799 cupidine
914 758 934 792 ,
977 703 1154 775 Galli
1194 719 1329 775 tres
1371 706 1441 773 in
1489 717 1713 801 partes
1766 707 2129 774 exercitum
2174 705 2348 776 divi-

209 807 417 896 dunt,
451 832 629 879 anno
657 812 744 880 U.
783 813 859 880 C.
894 832 1329 899 ccccnxxm,
1356 825 1511 881 ante
1554 811 1897 882 Christum
1949 811 2120 882 281.
2157 814 2348 902 Pars,

208 914 446 1012 Bolgio
470 917 671 1008 duce,
694 916 1161 988 Macedoniam
1187 941 1498 1014 aggressa
1524 932 1657 1006 est3
1679 942 1985 1013 annoque
2015 922 2311 1013 sequenti
2327 973 2349 1005 ,

206 1024 390 1092 victo
435 1027 575 1093 acie
617 1039 685 1095 et
726 1023 1076 1095 interfecto
1111 1024 1467 1095 Ptolemaeo
1509 1026 1854 1113 Cerauno,
1898 1024 2346 1096 Macedonum

205 1154 405 1224 rege,
433 1130 731 1200 nondum
763 1134 903 1200 ausi
928 1133 1254 1201 Graeciam
1282 1129 1569 1227 ingredi,
1590 1156 1741 1201 suas
1766 1133 1835 1201 in
1859 1131 2045 1201 sedes
2073 1131 2341 1202 rediere.

203 1236 374 1305 Pars
413 1235 615 1307 altera
635 1291 657 1326 ,
692 1241 959 1307 Brenno
999 1230 1109 1325 (is
1151 1241 1417 1308 Brenno
1459 1239 1921 1308 Romanorum
1956 1239 2209 1308 victore
2237 1238 2344 1333 ju·
2414 1262 2417 1269 ⁴

203 1343 363 1409 nior
391 1334 420 1432 )
454 1359 523 1413 et
555 1345 910 1414 Acichorio
945 1344 1257 1432 ducibuS,
1299 1345 1627 1414 universae
1662 1348 1938 1415 Graeciae
1978 1347 2189 1414 minas
2232 1347 2343 1415 in-

201 1450 508 1519 tentabat
548 1478 564 1519 :
611 1450 869 1547 direpta
910 1450 1180 1540 AEtolia,
1227 1453 1481 1521 Ulaltia
1521 1451 1702 1520 dans
1740 1453 1817 1521 la
1864 1445 2080 1522 Grece
2105 1504 2128 1538 ,
2173 1452 2342 1521 Del-

199 1555 380 1649 phos
400 1610 418 1644 ‚
454 1555 677 1627 locum
718 1559 1055 1628 immensis
1089 1557 1416 1628 thesauris
1456 1558 1546 1627 ob
1588 1555 1910 1654 Apollinis
1953 1554 2339 1653 religionem

199 1660 642 1734 clarissimum
662 1718 683 1749 ,
730 1665 1014 1761 petebat.
1070 1667 1329 1736 Graecia
1342 1719 1361 1755 ,
1415 1664 1777 1759 religionis,
1828 1662 2051 1760 gloriae
2067 1717 2088 1752 ,
2129 1688 2336 1759 opum

197 1766 585 1841 discrimine
606 1785 942 1841 commota
956 1826 975 1861 ‚
1002 1775 1267 1841 Brenno
1301 1771 1571 1841 obviam
1606 1772 1698 1841 iit.
1728 1770 1833 1841 Ad
1861 1770 2337 1866 Thermopylas

195 1875 729 1972 Parnassumque
773 1893 1069 1948 montem
1111 1877 1421 1974 Delphis,
1458 1881 1719 1966 Casu-i,
1760 1879 2088 1967 vicinum,
2115 1879 2334 1947 victus

194 1996 303 2050 est
348 2007 364 2049 ε
408 1996 592 2053 tanta
629 1999 898 2080 tamque
934 1999 1126 2054 atrox
1159 1998 1627 2081 tempestatum
1648 2039 1669 2071 ,
1707 1983 2096 2073 fulminum,
2132 1983 2332 2079 frigo·

193 2112 485 2184 rumque
525 2093 627 2159 vis
667 2106 854 2161 motu
897 2105 1091 2162 terrae
1132 2106 1362 2161 exorta
1403 2107 1504 2162 est
1522 2145 1541 2180 ‚
1576 2106 1653 2160 ut
1690 2093 1922 2187 ingens
1957 2092 2098 2184 ejus
2142 2115 2331 2159 exer-

193 2195 372 2264 citus
395 2196 649 2267 deletus
668 2198 1096 2286 occubuerit,
1117 2200 1360 2293 vixque
1384 2212 1715 2294 superstes
1733 2196 1931 2267 fuerit
1946 2250 1965 2284 ‚
1986 2199 2103 2292 qui
2129 2195 2332 2267 cladis

189 2303 506 2372 nuntium
565 2305 784 2375 ferret.
843 2308 1177 2393 Brennus,
1218 2304 1563 2374 confectus
1616 2301 1998 2373 vulneribus
2018 2356 2038 2391 ‚
2087 2301 2329 2397 largius

185 2400 436 2478 hausto
459 2412 619 2481 vino
634 2466 655 2501 ,
682 2411 803 2482 sibi
833 2413 984 2480 vitae
1007 2410 1211 2480 finem
1227 2465 1248 2500 ,
1274 2426 1342 2481 et
1367 2410 1575 2481 cladis
1596 2408 1900 2480 solatium
1933 2409 2119 2497 fecit,
2149 2433 2328 2479 anno

188 2513 403 2586 Urbis
425 2517 710 2590 conditae
723 2540 1154 2610 ccccnxxvl,
1179 2532 1333 2589 ante
1355 2517 1696 2590 Christum
1729 2517 1899 2614 278.
1924 2517 2085 2587 Pars
2111 2518 2325 2605 tertia,

181 2621 458 2693 Brenno
485 2651 766 2696 concors
784 2681 804 2715 ,
848 2642 917 2696 et
945 2651 1099 2697 cum
1143 2651 1225 2696 eo
1262 2628 1332 2695 in
1373 2626 1763 2712 DardanoS,
1805 2626 1882 2694 la
1916 2627 2176 2711 Seme,
2224 2647 2326 2693 us-

181 2751 320 2821 que
362 2730 699 2823 profecta,
730 2733 821 2801 ibi
856 2732 1247 2802 militaribus
1282 2732 1599 2820 dissidiis,
1627 2729 2012 2826 meliorique
2052 2730 2190 2800 fato
2235 2731 2323 2800 ab

180 2856 271 2902 eo
312 2834 566 2905 divulsa
589 2889 609 2925 ,
643 2837 994 2907 Thraciam
1036 2840 1332 2932 repetiit,
1380 2837 1662 2908 ducibus
1700 2838 2033 2907 Leonorio
2068 2851 2139 2905 et
2185 2838 2321 2906 Lu-

176 2941 355 3010 tario
386 2967 400 3009 :
441 2944 823 3036 Bysantium
838 2996 859 3031 ,
907 2945 1503 3039 Constantz’nople,
1538 2945 1919 3037 occupavit,
1953 2966 2138 3010 oram
2166 2944 2321 3012 Pro-

175 3048 501 3142 pontidis,
539 3051 615 3118 la
652 3073 798 3118 mer
820 3049 909 3119 de
945 3052 1352 3136 Marmara,
1383 3073 1476 3119 ou
1503 3050 1580 3118 la
1613 3073 1758 3117 mer
1790 3048 2137 3136 Blanche,
2176 3072 2321 3118 vec·

174 3153 449 3248 tigalem
486 3155 754 3244 habuit,
782 3156 1055 3251 ejusque
1098 3156 1296 3225 urbes
1338 3154 1642 3225 obtinuit.
1680 3157 1854 3223 Tum
1880 3153 2105 3223 audita
2145 3155 2317 3223 Asiae

173 3258 514 3351 ubertate,
559 3262 803 3359 cupido
844 3264 1086 3332 invasit
1125 3263 1195 3330 in
1237 3286 1384 3331 eam
1428 3260 1829 3331 transeundi.
1864 3260 2315 3356 Lysimachia,

169 3367 575 3456 Ηεωαπιίίί,
622 3369 855 3439 fmude
895 3384 1127 3465 capta-3
1161 3368 1713 3463 Chersonesoque
1755 3369 1935 3436 omni
1979 3389 2312 3462 possessa,

171 3470 265 3540 ad
288 3472 826 3572 Hellespontum,
859 3479 924 3546 le
941 3468 1199 3547 dett-oie
1217 3475 1340 3545 des
1370 3474 1863 3561 Dardanelles,
1890 3488 2165 3543 ventum
2191 3487 2309 3543 est.

168 3577 283 3647 Ibi
320 3582 630 3652 Lutarius
644 3638 663 3672 ,
708 3583 1219 3670 Macedonibus»,
1264 3605 1431 3675 quos
1473 3607 1596 3677 per
1638 3582 1925 3677 speciem
1967 3579 2309 3677 legationis

169 3685 553 3782 Antipater,
585 3690 936 3785 praefectus
980 3691 1121 3784 ejus
1162 3712 1298 3758 orae
1319 3741 1336 3774 ,
1373 3687 1459 3757 ad
1494 3686 1970 3783 speculandum
2005 3688 2308 3775 miserat,

167 3792 340 3862 duas
382 3807 589 3865 tectas
629 3819 833 3867 naves
875 3811 944 3866 et
977 3811 1116 3868 tres
1152 3794 1391 3865 limbos
1433 3793 1667 3863 adimit
1698 3820 1715 3862 ε
1759 3794 1863 3862 his
1906 3791 2067 3863 alios
2109 3807 2308 3887 atque

163 3897 333 3970 alios
395 3901 534 3970 dies
601 3917 961 3999 noctesque
1024 3900 1516 3972 transvehendo
1544 3954 1564 3988 ,
1617 3901 1792 3969 intra
1852 3923 2100 3996 paucos
2165 3898 2305 3968 dies

163 4030 401 4078 omnes
454 4011 679 4104 copias
728 4011 972 4105 trajicit
988 4063 1008 4097 ,
1050 4034 1227 4080 anno
1269 4008 1453 4077 urbis
1505 4005 1789 4077 conditae
1837 4029 2262 4077 ccccnxxvn
2283 4059 2305 4093 ,

159 4127 321 4183 ante
345 4116 689 4187 Christum
721 4141 892 4215 277.
924 4121 1072 4187 Jam
1104 4116 1504 4204 Leonorius,
1537 4128 1844 4183 exoratus
1871 4137 1910 4181 a
1938 4111 2303 4184 Nicomede

165 4219 490 4314 Bithyniae
511 4239 788 4320 rege,ut
814 4227 936 4320 ipsi
959 4247 1156 4322 opem
1180 4222 1415 4310 ferret,
1433 4243 1472 4290 a
1495 4220 1805 4314 Bysantio
1828 4220 2297 4290 transmiserat.
