3111 5147
712 509 801 554 xx
1506 482 2025 553 EDITORIS

712 635 1040 705 aperuere.
1078 611 1215 677 Nec
1253 610 1649 700 alienigenas
1672 611 1837 676 Deos
1876 611 2248 698 indigetibus
2294 614 2539 677 sociare
2585 613 2852 682 dubita·

712 721 946 786 vimus.
984 718 1214 804 Neque
1247 717 1421 781 enim
1464 736 1589 781 nos
1633 715 1680 778 ii
1729 736 1957 781 sumus
2005 716 2122 803 qui
2155 717 2377 805 patriae
2426 718 2635 784 laudis
2680 720 2854 787 ultra

713 826 985 891 modum
1004 825 1265 907 curiosi,
1280 847 1463 888 suam
1491 822 1778 886 externis
1799 822 2117 913 denegare
2139 824 2593 910 velimus3imo
2613 851 2851 919 agnos-

713 934 952 1015 cimus,
989 932 1331 1020 palamque
1357 927 1775 1017 profitemur,
1813 945 1879 993 et
1915 951 2053 993 non
2090 929 2278 993 inviti
2313 931 2613 1018 quidem,
2639 957 2851 1021 quan-

714 1055 858 1103 tum
882 1035 1156 1101 assiduis
1181 1033 1540 1099 Germaniae
1555 1050 1621 1098 et
1633 1034 1878 1124 Angliae
1891 1034 2265 1099 recentioris
2286 1035 2853 1103 lucubrationibus

711 1167 820 1207 ars
839 1142 1061 1206 cria'ca
1076 1140 1335 1222 debeat3
1361 1155 1426 1204 et
1438 1161 1634 1227 quam
1650 1140 1884 1204 merito
1898 1139 2028 1203 sint
2046 1139 2112 1203 in
2129 1139 2380 1205 honore
2391 1141 2568 1229 apud
2586 1164 2853 1207 omnem

713 1250 1043 1336 Europam
1068 1247 1358 1310 viromm
1396 1247 1693 1329 nomina,
1721 1246 1869 1334 qui,
1896 1267 2094 1334 quam
2127 1244 2359 1310 dicunt
2381 1248 2812 1335 Philologiam
2828 1298 2851 1332 ,

714 1379 794 1419 eo
827 1368 1325 1442 promoverunt,
1365 1352 1481 1417 ubi
1529 1351 2021 1417 consistendum
2072 1352 2223 1441 ipsis
2240 1401 2258 1434 ,
2297 1353 2420 1417 nisi
2458 1355 2852 1444 praecipitem

709 1462 782 1526 in
818 1461 1167 1549 pristinum
1187 1508 1205 1541 ,
1243 1458 1420 1524 unde
1471 1475 1845 1541 emerserat,
1883 1456 2077 1523 chaos
2115 1459 2315 1523 velint
2356 1461 2612 1525 referre.
2654 1460 2856 1543 Quod

711 1568 909 1634 semel
952 1566 1284 1655 professis,
1322 1589 1438 1653 per
1474 1581 1691 1629 totum
1734 1566 1947 1654 operis
1984 1565 2385 1629 curriculum
2422 1566 2509 1629 ita
2545 1567 2853 1654 frequens

711 1670 1142 1738 confirmandi
1168 1672 1349 1734 locus
1366 1686 1666 1734 occurret
1680 1720 1698 1753 ‚
1717 1686 1794 1734 ut
1821 1670 2067 1734 nemini
2094 1671 2178 1734 sit
2198 1670 2634 1736 dubitandum
2655 1694 2859 1760 quan·-

714 1779 765 1844 ti
791 1777 934 1843 illos
957 1777 1266 1841 faciamus
1280 1823 1298 1855 ‚
1320 1775 1440 1861 qui
1458 1774 1659 1839 duces
1697 1775 1887 1838 nobis
1907 1776 2302 1862 praeiverunt
2318 1826 2336 1859 ‚
2361 1792 2426 1841 et
2447 1800 2612 1865 quos
2633 1779 2854 1865 sequi,

711 1884 814 1951 vel
847 1907 977 1947 non
1004 1884 1203 1970 eequis
1228 1882 1519 1970 passibus
1529 1929 1551 1962 ,
1588 1902 1718 1944 non
1752 1884 1978 1946 ultima
2013 1883 2155 1947 laus
2188 1884 2406 1948 fuerit.
2444 1884 2539 1948 Ea
2575 1904 2694 1950 nos
2731 1884 2851 1948 sti-

718 1991 923 2056 mulat
966 1987 1241 2054 invidia!

802 2095 1035 2183 Neque
1077 2116 1199 2159 nos
1247 2109 1597 2159 moverunt
1630 2094 1731 2157 vel
1765 2095 1997 2159 sinceri
2047 2096 2496 2161 miserantium
2538 2097 2810 2163 affectus
2834 2146 2854 2180 ,

717 2204 823 2269 vel
854 2204 1007 2268 mali
1041 2203 1546 2267 conviciantium
1576 2202 1905 2268 clamores.
1932 2204 2096 2269 Nam
2119 2204 2188 2267 in
2215 2203 2352 2268 dies
2386 2205 2716 2269 invalescit
2749 2203 2856 2268 in-

718 2327 819 2378 ter
853 2332 974 2374 nos
1026 2310 1258 2375 emula
1304 2311 1601 2398 συνεργῶν
1648 2309 2069 2397 conspiratio,
2108 2311 2224 2396 qui
2259 2326 2508 2398 partem
2546 2310 2670 2375 sibi
2720 2327 2855 2375 tam

717 2416 899 2482 durae
918 2415 1266 2505 provincias
1285 2414 1728 2498 vindicarunt3
1752 2430 1817 2479 et
1841 2415 2131 2479 intentus
2158 2417 2439 2504 quisque
2464 2418 2645 2506 operi
2675 2415 2859 2505 quod

717 2519 1128 2587 tractandum
1166 2518 1431 2609 obtigit,
1463 2523 1800 2610 ineoepcwn
1844 2521 2038 2585 tacite
2070 2540 2380 2610 peragens
2407 2525 2550 2603 iter,
2591 2524 2854 2589 illorum

716 2649 857 2692 sese
870 2624 1119 2707 judicio
1138 2626 1496 2715 permittet,
1517 2627 1661 2714 qui,
1682 2647 1888 2714 quum
1914 2647 2050 2691 non
2071 2626 2351 2692 habeant
2363 2649 2485 2691 cur
2496 2628 2855 2712 invideant,

716 2734 819 2797 vel
851 2731 1030 2797 unde
1063 2732 1458 2814 irascantur,
1482 2753 1563 2796 ex
1596 2753 1796 2820 opere
1816 2747 2085 2797 tantum
2102 2731 2362 2822 opifices
2395 2751 2551 2799 sunt
2577 2735 2857 2800 aestima-

718 2839 871 2905 turi.
908 2837 1009 2901 Ad
1042 2838 1304 2902 illorum
1342 2837 1544 2927 igitur
1575 2838 1864 2902 tribunal
1898 2839 2108 2904 securi
2131 2839 2526 2924 accedimus3
2551 2863 2673 2906 nec
2697 2841 2860 2906 tales

716 2944 1009 3033 profecto
1034 2945 1207 3008 viros
1243 2944 1480 3033 fugiet,
1509 2965 1678 3033 opus
1706 2967 1832 3009 nos
1863 2946 2065 3010 fuisse
2095 2966 2428 3038 aggressos
2457 2947 2855 3012 immensum

717 3048 1175 3137 amplitudine,
1213 3047 1705 3115 difficultatibus
1740 3050 2148 3133 intricatum,
2171 3068 2236 3115 et
2263 3052 2570 3141 gmvioris
2605 3050 2688 3116 ad
2713 3073 2855 3118 rem

717 3154 983 3220 latinam
1018 3155 1367 3238 momenti,
1391 3175 1590 3243 quam
1610 3156 1904 3239 credant,
1928 3159 2044 3246 qui
2080 3173 2367 3224 mentem
2400 3172 2688 3220 nostram
2719 3178 2856 3222 non

718 3262 873 3328 nafis
904 3261 1366 3349 perspexerint.

809 3366 992 3451 Quid
1009 3387 1164 3430 vero
1184 3367 1493 3432 lectorem
1510 3365 1770 3457 longius
1795 3390 2125 3434 moremur
2141 3366 2520 3447 ?habetjam
2542 3368 2714 3433 inter
2727 3389 2860 3434 ma-

717 3497 845 3539 nus
864 3471 1047 3537 unde
1068 3472 1231 3537 ferat
1245 3471 1588 3553 judicium.
1613 3473 1809 3538 Nunc
1839 3473 2044 3539 discat
2061 3495 2151 3537 ex
2168 3495 2293 3536 uno
2318 3473 2476 3537 ἰῶνο
2501 3474 2618 3562 qui
2647 3474 2858 3539 futuri

720 3578 855 3644 sint
886 3600 1099 3643 omnes
1116 3626 1138 3658 ‚
1186 3577 1404 3666 quoad
1440 3579 1666 3642 saltem
1713 3580 1806 3642 rei
1852 3580 2052 3649 totius
2108 3579 2636 3646 informationem
2654 3629 2672 3662 ,
2709 3600 2856 3667 quae

718 3685 1014 3775 religiose
1060 3686 1132 3748 in
1168 3684 1592 3772 sequentibus
1606 3734 1624 3767 ,
1667 3701 1731 3748 et
1767 3685 1847 3748 ab
1896 3705 2302 3773 unoquoque
2335 3685 2685 3775 interprete
2720 3707 2857 3749 ser·

717 3790 995 3856 rabitur.

806 3899 944 3961 Cur
978 3912 1197 3962 autem
1234 3896 1449 3985 operis
1482 3897 1746 3960 initium
1777 3919 1815 3959 a
1836 3895 1890 3960 J.
1932 3897 2212 3961 Cassum
2249 3898 2743 3961 commanus
2778 3894 2860 3959 do

715 4001 899 4070 Bello
943 4000 1196 4067 Gallico
1232 4001 1642 4085 duxerimus,
1682 4024 1879 4067 nemo
1915 4024 2068 4068 sane
2106 4001 2441 4068 Gallorum
2479 4000 2820 4068 mirabitur
2837 4050 2858 4086 ,

715 4108 864 4207 qui,
902 4131 1038 4173 non
1087 4109 1228 4173 sine
1267 4107 1564 4198 quodam
1595 4110 1912 4202 superbie
1949 4132 2186 4192 sensu,
2216 4109 2406 4178 avitae
2439 4109 2684 4198 passim
2723 4106 2857 4174 vir-
