3111 5147
188 519 315 541 m

201 693 378 849 C.

2058 522 2333 557 W

516 696 1170 850 JULII
1261 693 2353 854 CAESARIS

814 988 933 1044 DE
988 989 1298 1045 BELLO
1348 989 1776 1047 GALLlco

604 1148 1904 1284 COMMENTARII.
1967 1166 2001 1199 ⁸

748 1597 1181 1688 LIBER
1265 1597 1840 1687 PRIMUS.

236 1776 622 1901 Gummi
652 1845 757 1900 cst
790 1828 1042 1900 onmis¹
1071 1829 1282 1899 divisa
1306 1831 1375 1899 in
1405 1845 1627 1925 partes
1661 1845 1830 1917 tres»,
1853 1855 2134 1926 quarum
2162 1858 2363 1903 unam

233 1934 541 2006 incolunt
576 1935 819 2032 Belgae,
844 1935 1040 2006 aliam
1066 1938 1414 2031 Aquitani,
1440 1939 1733 2024 tertiam,
1759 1939 1872 2031 qui
1909 1940 2204 2033 ipsorum
2241 1939 2361 2009 lin-

338 2129 367 2154 *
408 2138 571 2189 Antea
604 2155 764 2209 quam
800 2135 868 2189 ad
904 2135 1259 2209 interpretan-

236 2214 340 2269 dos
380 2216 533 2269 Juur
572 2216 811 2269 Czssnts
839 2216 1260 2269 Commentarios

236 2293 569 2361 accedamus,
596 2296 691 2366 qui
718 2297 825 2348 sint
860 2295 1223 2348 commentarii
1240 2333 1257 2361 ,

234 2376 454 2447 quisque
480 2376 647 2429 fuerit
673 2373 818 2447 apud
844 2387 1047 2428 veteres
1073 2390 1261 2427 eorum

236 2472 632 2527 anhelumque
659 2455 857 2519 forma,
880 2454 1056 2527 primo
1080 2467 1263 2508 tenen-

234 2532 364 2589 dum
413 2535 535 2589 loco
578 2546 696 2602 est,
737 2547 793 2588 et
839 2533 1259 2608 intelligendum.

238 2615 313 2667 De
334 2616 401 2667 iis
424 2627 608 2668 autem
632 2617 705 2669 ita
729 2615 963 2668 breviter
982 2628 1036 2668 et
1054 2616 1263 2687 elegan-

236 2704 313 2747 ter
346 2693 603 2749 dia-eruit
639 2694 971 2748 doctissimus
1020 2694 1264 2767 idemque

238 2772 625 2828 auditi-simus
648 2776 734 2826 vir
754 2775 976 2828 Oberlin
1004 2777 1262 2847 Argento-

240 2855 451 2907 ratensi·
468 2892 487 2918 ‚
514 2854 572 2907 in
602 2874 695 2908 sua
724 2852 959 2907 editione
987 2854 1263 2926 Lipsiana‚

239 2934 353 2987 unni
392 2934 560 2987 1805.

316 3039 338 3060 ι
354 3013 605 3079 Constat,
616 3012 1035 3067 Commentarios
1050 3010 1158 3066 dici
1178 3031 1264 3065 eas

245 3093 600 3159 narrationes,
626 3111 772 3163 quo,
798 3093 1037 3163 neglecto
1065 3090 1266 3144 adven-

247 3170 362 3224 ticio
390 3173 572 3238 cultu,
600 3170 670 3225 de
694 3174 853 3225 rebus
882 3173 1007 3245 ipsis
1035 3171 1264 3224 tenuiter

246 3264 539 3323 exponunt,
554 3264 616 3304 ut
628 3289 646 3316 ,
657 3253 752 3323 qui
770 3255 936 3324 majus
952 3263 1006 3304 et
1027 3249 1264 3303 ornatius

251 3347 370 3401 opus
416 3331 649 3385 scriben
688 3332 854 3395 velit,
889 3331 1079 3384 habeat
1122 3325 1264 3382 uude

252 3422 399 3479 petat.
422 3406 572 3470 (Cic.
600 3409 830 3464 deorat.
862 3411 1065 3474 11,12.
1104 3421 1157 3461 et
1196 3406 1264 3461 de

253 3489 365 3542 dar.
402 3503 540 3542 orat.
586 3487 707 3559 75.)
742 3490 929 3560 Itaque
967 3488 1220 3541 Hirtius'
1204 3508 1263 3541 m

250 3569 491 3639 qustola,
517 3569 659 3621 libro
679 3581 866 3621 octavo
887 3567 956 3620 de
982 3568 1121 3621 bello
1141 3567 1266 3621 Gal-

252 3647 346 3700 lico
388 3648 694 3719 prmissa,
745 3647 987 3710 Cauris,
1052 3648 1262 3719 inquit,

253 3733 566 3779 mamurii
616 3728 739 3779 edati
778 3739 916 3790 sunt,
968 3746 1024 3778 ne
1065 3732 1264 3779 sema

257 3818 483 3858 mmm
531 3826 686 3858 reram
732 3808 1033 3878 scriptoribus
1069 3807 1260 3861 deesset.

256 3885 680 3941 cLCiaadDiv.
698 3887 772 3950 V,
810 3905 908 3952 ιι,
935 3899 1066 3939 extr.
1089 3886 1264 3940 Graeci

258 3979 416 4019 sutem
486 3966 581 4019 bu·
780 3966 793 3979 '
862 3966 1264 4020 commentarios

256 4044 618 4117 ὃςομνύματα,
670 4048 1144 4116 ὑπομνηματισμοὺς
1209 4058 1263 4098 et

258 4125 736 4197 ἀπομνημονεύματα
755 4124 1002 4179 dixerunt
1021 4120 1103 4185 (ut
1120 4124 1263 4178 Stra-

262 4203 1130 4278 bolib.1v,p.177‚6Kaioapiv
1163 4208 1261 4265 τοῖς

258 4284 624 4356 δωρήμασι),
650 4285 902 4358 quoniam
938 4284 1042 4337 boc
1076 4302 1264 4355 genere

262 4365 494 4419 narrandi
524 4367 617 4420 uni
651 4366 916 4420 memoria
942 4383 1117 4418 mum
1150 4382 1262 4434 ges-

1346 2148 1521 2189 tarum
1559 2136 1854 2191 consulitur
1880 2131 2214 2201 (Me‘raotm).
2259 2138 2364 2191 Po-

1346 2215 1505 2268 tuisse
1544 2216 1642 2269 hos
1689 2214 2059 2268 Commentarios
2093 2216 2199 2270 dici
2249 2220 2366 2289 ίφη-

1346 2291 1551 2365 itepide<
1573 2332 1591 2359 ,
1626 2305 1680 2348 et
1712 2313 1894 2348 revera
1937 2297 2154 2348 nomine
2195 2297 2298 2349 hoc
2333 2318 2364 2350 a

1348 2372 1633 2427 Plutarcho
1659 2369 1759 2436 (in
1793 2374 1900 2429 vita
1936 2375 2154 2427 Coesaris
2179 2394 2226 2427 c.
2260 2375 2363 2439 aa)

1342 2453 1626 2525 insignitos
1671 2472 1814 2520 esse,
1855 2452 2212 2507 indubitatum
2246 2467 2325 2508 est
2346 2473 2363 2507 ε

1347 2545 1528 2587 utrum
1554 2552 1683 2587 vero
1715 2535 1889 2589 Cnsar
1913 2532 2112 2588 nullam
2128 2573 2146 2600 ,
2173 2548 2366 2607 proter

1347 2615 1750 2668 commentarios
1763 2652 1781 2679 ,
1828 2614 2099 2668 historiam
2153 2633 2368 2668 suarum

1345 2712 1527 2747 rerum
1553 2694 1842 2765 scripserit,
1872 2713 1938 2747 an
1966 2706 2020 2747 et
2044 2707 2365 2748 commenta·

1345 2773 1454 2826 rios
1467 2773 1582 2838 hos,
1591 2785 1646 2826 et
1657 2771 2039 2844 ephemerides,
2048 2775 2115 2827 ab
2125 2774 2209 2827 his
2220 2793 2366 2826 com·

1348 2853 1618 2906 mentariis
1655 2851 1916 2918 diversas,
1946 2855 2330 2924 consignaverit
2347 2893 2367 2918 ,

1347 2930 1637 2985 dubitatur.
1673 2931 2025 2984 Posteriorem
2057 2935 2366 2987 sententiam

1347 3010 1588 3065 defendit
1619 3009 1853 3064 Rualdus
1869 3048 1888 3078 ,
1930 3010 1997 3064 ad
2036 3012 2185 3065 illum
2223 3013 2363 3066 Plut.

1348 3091 1524 3144 locum
1561 3085 1654 3162 (Ρ.
1694 3091 1806 3144 858
1848 3089 1933 3143 ed.
1974 3089 2204 3156 neiat),
2241 3094 2363 3163 quia

1347 3171 1539 3240 passim
1576 3187 1640 3222 ex
1680 3168 2104 3241 ephemeridibus
2147 3171 2366 3224 Coesaris

1347 3249 1450 3304 loci
1477 3269 1508 3301 a
1540 3249 1806 3302 veteribus
1838 3249 2149 3314 recitantur,
2176 3251 2271 3321 qui
2306 3252 2362 3303 in

1348 3329 1737 3382 commentariis
1769 3331 1907 3400 ejus,
1950 3327 2242 3382 hodienum
2273 3348 2362 3382 su·

1346 3408 1678 3479 perstitibus,
1711 3425 1822 3461 uon
1856 3421 2156 3462 ocem-runt.
2201 3408 2363 3474 Quod

1347 3500 1712 3560 argumentum
1757 3500 1820 3540 ut
1865 3500 1945 3541 est
1991 3488 2328 3561 perspicuum
2342 3527 2360 3553 ,

1346 3568 1420 3620 ita
1436 3568 1590 3620 multi
1604 3568 1914 3621 sententiam
1931 3566 2122 3620 Rualdi
2137 3585 2362 3638 sequun-

1346 3658 1450 3700 tur.
1482 3646 1752 3700 Fabricius
1767 3666 1894 3700 vero
1922 3647 1978 3699 in
2006 3647 2141 3699 Bibl.
2170 3647 2284 3698 Lat.
2305 3648 2357 3711 1,

1356 3745 1448 3820 ¹.⁰’
1472 3748 1523 3792 ²,
1541 3727 1626 3780 his
1654 3728 1725 3780 ita
1751 3726 2015 3791 occurrit,
2037 3738 2099 3778 ut
2116 3726 2173 3777 in
2195 3726 2362 3779 Cosa·

1345 3807 1420 3859 ris
1455 3807 1605 3859 libris
1640 3805 1707 3859 de
1733 3806 1870 3859 bello
1912 3805 2116 3859 Gallico
2149 3805 2361 3859 lacunas

1346 3904 1456 3939 08⁸8
1484 3898 1726 3939 stamh-

1427 3965 1555 4019 Car.
1581 3965 1626 4017 Ι.
1663 3982 1712 4017 1.
1736 3963 1906 4019 Gallia
1939 3974 2010 4015 est
2036 3968 2203 4016 omnis.
2236 3963 2361 4016 Non

1347 4045 1521 4097 omnis
1534 4055 1708 4096 tamen
1727 4062 1742 4095 ε
1759 4061 1884 4095 nam
1903 4040 1973 4095 de
1991 4042 2361 4113 Allobrogibus

1349 4142 1458 4176 non
1474 4124 1535 4176 fit
1546 4123 1767 4188 mentio,
1781 4139 1951 4195 neque
1965 4121 2035 4175 de
2047 4122 2216 4176 Gallia
2234 4123 2284 4173 N
2286 4141 2365 4174 ar-

1348 4204 1598 4268 bonensi,
1629 4221 1746 4274 quas
1775 4221 1897 4274 pars
1925 4214 2035 4255 erat
2071 4202 2362 4254 Provincia

1350 4285 1597 4336 Romana!
1619 4322 1636 4347 ,
1666 4294 1785 4335 ante
1810 4283 2025 4336 Coesaris
2058 4281 2359 4334 adventum.

1354 4363 1481 4415 Ve‘de
1505 4363 1701 4415 inds‘cem
1730 4363 1991 4434 geogmph.
2023 4361 2083 4413 de
2111 4362 2365 4426 Provincia

1919 4492 1978 4539 1.
