3111 5147
727 484 879 570 340
1003 484 1080 550 C.
1136 479 1424 548 JULII
1480 468 1954 547 CAESARIS
2009 473 2566 546 COMMENT.

723 613 1035 711 sequendi
1075 612 1413 698 fecerunt,
1455 631 1657 703 quam
1711 630 1905 675 muro
1958 604 2184 699 oppidi
2227 607 2564 700 portisque
2605 631 2877 703 appro-

720 704 1177 819 pinquarents'.
1221 721 1393 786 Tum
1435 740 1597 785 vero
1641 736 1723 782 ex
1775 711 2083 783 omnibus
2126 712 2313 782 urbis
2360 714 2654 807 partibus
2698 731 2877 789 orto

721 827 1053 914 clamore,
1095 825 1210 920 qui
1239 822 1496 917 longius
1529 820 1807 889 aberant
1825 871 1849 907 ‚
1878 818 2225 911 repentino
2267 817 2552 887 tumultu
2594 836 2873 915 perter-

719 936 863 1021 riti,
890 957 1097 1027 quum
1128 931 1388 1000 hostem
1429 929 1603 996 intra
1638 939 1864 1020 portas
1899 948 2041 994 esse
2071 924 2550 1013 existimarent,
2581 951 2727 997 sese
2770 954 2870 1001 a

722 1039 967 1135 oppido
1010 1038 1362 1167 ejecerunt.
1404 1035 1657 1103 Matres
1700 1028 1959 1101 familiai
1986 1030 2069 1099 de
2098 1055 2291 1101 muro
2324 1045 2573 1101 vestem
2612 1058 2871 1130 argen-

723 1161 995 1240 tumque
1015 1129 1444 1236 ⁶jactabant,
1476 1154 1544 1209 et
1586 1140 1869 1234 pectoris
1912 1135 2089 1206 fine⁷
2127 1139 2572 1230 prominentes
2590 1192 2613 1227 ,
2641 1143 2871 1235 passis

724 1251 1028 1321 manibus
1058 1248 1561 1318 obtestabantur
1580 1246 1953 1330 Romanos,
1990 1257 2068 1313 ut
2091 1243 2212 1312 sibi
2249 1259 2637 1373 parcerent,
2669 1271 2808 1316 neu
2836 1300 2864 1335 ,

723 1357 894 1427 sicut
933 1356 1196 1425 Avarici
1235 1353 1581 1439 fecissent,
1623 1375 1708 1419 ne
1749 1347 2130 1419 mulieribus
2164 1336 2475 1468 quidem⁸
2509 1365 2708 1445 atque
2752 1354 2860 1422 in..

724 1462 1011 1532 fantibus
1053 1460 1473 1531 abstinerent.
1515 1455 1911 1542 Nonnullae,
1946 1454 2029 1525 de
2065 1457 2269 1529 muris
2312 1481 2463 1600 per⁹
2460 1481 2692 1527 manus
2736 1458 2860 1528 de-

722 1570 934 1639 missae
957 1621 977 1655 ,
1035 1591 1175 1636 sese
1229 1564 1541 1635 militibus
1606 1560 1970 1631 tradebant.
2031 1563 2124 1631 L.
2164 1563 2216 1630 F
2216 1560 2463 1633 abins
2477 1614 2498 1650 ,
2551 1568 2859 1637 centurio

722 1673 996 1768 legionis
1037 1674 1208 1743 VIII
1230 1725 1251 1758 ,
1287 1696 1486 1765 quem
1527 1671 1698 1738 inter
1740 1692 1893 1737 suos
1934 1693 2019 1737 eo
2050 1667 2156 1737 die
2196 1668 2433 1738 dixisse
2472 1671 2851 1761 constabat,

725 1780 994 1848 excitari
1030 1802 1098 1846 se
1137 1775 1638 1849 Avaricensibus
1681 1775 1961 1868 praemiis
1992 1772 2062 1861 ¹⁰,
2092 1798 2305 1869 neque
2343 1778 2850 1846 commissurum

725 1899 803 1955 ut
843 1885 1027 1978 prius
1066 1883 1408 1976 quisquam
1456 1905 1727 1955 murum
1782 1879 2167 1950 ascenderet
2187 1934 2207 1969 ,
2240 1895 2372 1949 tres
2416 1904 2570 1951 suos
2616 1896 2847 1953 nactus

726 1986 1167 2083 manipulares
1188 2038 1210 2076 ,
1251 2002 1452 2082 atque
1495 1986 1580 2055 ab
1630 1987 1707 2056 iis
1749 1984 2127 2055 sublevatus
2150 2038 2171 2074 ,
2212 2011 2479 2057 murum
2535 1987 2843 2059 ascendit.

727 2098 861 2165 Eos
896 2097 1033 2189 ipse
1076 2118 1304 2163 rursus
1347 2092 1636 2189 singulos
1688 2106 2040 2186 exceptans
2062 2146 2082 2181 ,
2124 2093 2191 2160 in
2234 2117 2501 2163 murum
2542 2092 2791 2163 extulit.

833 2202 1148 2272 XLVIII.
1203 2202 1475 2271 Interim
1506 2201 1592 2289 ii,
1625 2200 1737 2294 qui
1771 2197 1857 2267 ad
1887 2197 2159 2267 alteram
2188 2213 2444 2292 partem
2478 2200 2742 2294 oppidi,
2773 2217 2853 2269 ut

730 2332 929 2403 supra
955 2307 1547 2376 demonstravimus
1570 2360 1590 2394 ,
1631 2305 2009 2375 munitionis
2052 2326 2248 2373 causa
2273 2303 2319 2393 ¹,
2360 2320 2803 2373 convenerant
2822 2359 2844 2391 ,

729 2415 946 2508 primo
989 2413 1293 2480 exaudito
1329 2411 1619 2481 clamore
1639 2466 1659 2501 ‚
1699 2409 1850 2479 inde
1886 2411 2083 2479 etiam
2126 2409 2374 2478 crebris
2406 2411 2636 2479 nuntiis
2673 2411 2840 2479 inci—

731 2521 848 2588 tati
870 2571 888 2606 ,
946 2517 1264 2613 oppidum
1309 2541 1349 2585 a
1397 2516 1716 2587 Romanis
1776 2517 1984 2587 teneri
2011 2570 2032 2606 ,
2087 2517 2432 2612 praemissis
2473 2515 2800 2611 equitibus
2823 2570 2843 2606 ,

731 2649 972 2718 magno
1023 2648 1351 2693 concursu
1383 2621 1404 2647 ²
1460 2649 1542 2692 eo
1594 2622 2092 2694 contenderunt.
2148 2626 2401 2693 Eorum
2447 2638 2525 2692 ut
2570 2626 2843 2719 quisque

730 2730 983 2825 primus
1023 2744 1295 2798 venerat
1315 2784 1333 2818 ‚
1367 2730 1490 2799 sub
1531 2730 1727 2799 muro
1768 2730 2163 2800 consistebat
2183 2783 2202 2819 ,
2239 2753 2639 2823 suorumque
2681 2755 2841 2827 pug-

729 2836 1030 2906 nantium
1056 2861 1406 2906 numerum
1434 2836 1733 2931 augebat.
1773 2837 2081 2925 Quorum
2116 2861 2321 2929 quum
2356 2860 2599 2931 magna
2624 2835 2839 2914 multi·

816 3018 869 3073 5.
898 3019 1364 3091 Appropa‘nquamnt.
1389 3019 1474 3074 Al.
1491 3022 1747 3090 appmpc'n-
1913 3020 1965 3072 8.
1987 3017 2066 3071 Ne
2096 3017 2366 3070 mulzkribus
2385 3018 2592 3090 quidem.
2608 3019 2744 3083 Alii,
2763 3018 2839 3071 in·

735 3111 969 3172 quarunt,
1000 3118 1093 3172 seu
1122 3101 1627 3170 appropinquaverunt.
1830 3095 2177 3168 terquosood.
2194 3098 2256 3150 R.
2275 3097 2448 3169 5763,
2460 3098 2841 3150 neamalieribus

817 3183 872 3233 6.
889 3179 1078 3230 Vestem
1102 3190 1453 3249 argentumque.
1474 3176 1744 3242 Vestis‚h.
1828 3176 2030 3248 quidem.
2079 3179 2149 3229 At
2199 3177 2415 3230 omissio
2458 3177 2840 3249 proposition&

733 3259 772 3312 l.
795 3277 904 3312 non
929 3257 1100 3310 solnm
1122 3257 1457 3320 vestimenta,
1476 3254 1570 3309 sed
1597 3268 1651 3308 et
1669 3269 1766 3310 ta·
1829 3268 2011 3309 nostro
2040 3256 2309 3309 familiaris
2337 3254 2558 3309 videtur.

735 3340 903 3410 petia,
920 3337 1151 3403 culcitae,
1164 3335 1352 3408 pelles,
1376 3335 1605 3406 tegmina
1628 3337 1748 3389 sub-
1912 3353 1965 3403 9.
1981 3335 2041 3388 L.
2055 3334 2500 3390 FabsasJuLCels.
2511 3333 2835 3399 solushahet,

734 3415 1483 3481 selliorum,cervicalia;teste
1494 3414 1747 3485 Ulpiano,
1828 3413 1891 3466 L.
1916 3413 2141 3468 Sabim.
2172 3415 2459 3480 Nonnulli,
2482 3413 2675 3467 Lubias.

735 3493 986 3550 Pandect.
1006 3496 1045 3548 l.
1075 3512 1310 3560 xxxwu,
1339 3493 1406 3548 de
1433 3512 1563 3548 auro
1588 3507 1641 3548 et
1669 3513 1749 3546 ar-
1916 3495 2311 3547 10.Eaecit‹m'se
2327 3494 2834 3565 Avarioemibmproe-

734 3589 892 3648 gento
916 3575 1102 3646 legato.
1130 3572 1272 3627 Gon.
1830 3576 1952 3625 niis.
1991 3572 2067 3626 Ut
2099 3574 2479 3628 Themistocles
2508 3573 2763 3628 Miltiadis
2786 3591 2835 3625 se

820 3675 873 3724 7.
904 3656 1119 3706 Pectoris
1133 3652 1255 3723 fine.
1280 3649 1628 3724 Oudendorp.
1645 3672 1749 3708 res·
1828 3653 2077 3724 trophoeis
2108 3671 2139 3706 e
2169 3672 2356 3707 somno
2383 3654 2626 3708 suscitari
2647 3651 2832 3726 prndi-

735 3735 883 3788 tituit
902 3752 966 3788 ex
986 3731 1257 3786 codicibus
1271 3729 1468 3786 Audin.
1491 3746 1546 3786 et
1570 3732 1743 3787 Oxou.
1828 3732 1993 3785 cahat.
2024 3732 2135 3786 Cic.
2161 3733 2318 3787 Tusc.
2336 3751 2411 3799 ιη
2433 3753 2479 3788 c.
2512 3739 2605 3798 44.
2633 3735 2829 3787 Bam.

735 3813 919 3868 Nostri
945 3824 1121 3866 autem
1141 3824 1194 3865 et
1213 3811 1302 3864 alii
1321 3811 1546 3877 habent,
1555 3824 1747 3882 pectore
1909 3813 2038 3867 Ου’.
2064 3814 2314 3867 XLVm.
2348 3831 2370 3866 1
2383 3853 2396 3866 .
2418 3812 2709 3865 Muninbm’s
2729 3831 2832 3864 eau-

732 3895 878 3948 nudo.
907 3894 1191 3964 Atpeceon's
1202 3890 1310 3961 fine
1338 3892 1623 3963 elegantius
1648 3905 1744 3946 est.
1826 3911 1900 3946 sa.
1927 3892 1973 3944 Ii
1998 3893 2171 3958 enim,
2202 3906 2264 3947 ut
2296 3909 2453 3964 supra
2491 3890 2697 3946 dictum
2728 3904 2830 3956 est,

731 3973 809 4026 Ea
838 3974 980 4026 enim
1004 3972 1271 4026 locutione
1299 3972 1380 4025 usi
1406 3984 1528 4025 sunt
1551 3972 1744 4025 Sallus·
1828 3990 1873 4025 c.
1910 3973 1980 4036 45
1998 4012 2014 4036 ,
2041 3971 2108 4025 ad
2132 3974 2276 4026 huno
2293 3973 2472 4026 locum
2491 3969 2832 4026 muniendum

734 4052 868 4116 tius,
884 4052 1020 4106 Hist.
1045 4053 1340 4123 Fragment.
1361 4052 1398 4104 l.
1420 4070 1510 4118 ιιι,
1531 4052 1654 4105 Fine
1675 4055 1745 4103 in-
1826 4053 2027 4105 evocati
2049 4052 2271 4105 fuerant.

729 4133 959 4199 guinum;
975 4145 1030 4184 et
1049 4145 1227 4185 noster
1245 4169 1263 4198 ,
1279 4131 1410 4186 Bell.
1439 4132 1605 4187 Afric.
1625 4149 1740 4203 cap.
1912 4150 1963 4184 a.
2001 4130 2189 4199 Magno
2229 4150 2469 4185 concursu.
2514 4132 2745 4188 Ursinus
2783 4140 2833 4185 ct

735 4209 806 4268 8⁵
825 4246 843 4274 ‚
870 4209 1214 4279 umbilicifine,
1827 4223 2005 4266 noster
2026 4207 2145 4266 cod.
2180 4209 2361 4281 5764,
2387 4230 2563 4282 magno
2590 4232 2748 4270 cursu.
