3111 5147
546 620 684 689 DE
735 619 1079 690 BELLO
1132 621 1623 691 GALLICO.
1680 623 1877 692 LIB.·
1924 625 2141 694 VIII.
2255 630 2396 712 421

281 799 288 806 -
387 753 472 820 X.
510 753 726 845 Hujus
769 754 1172 822 munitionis·
1203 752 1444 848 duplex
1465 781 1469 794 ·
1490 769 1632 824 erat
1692 754 2054 826 consilium.
2104 757 2410 853 Namque

276 871 350 927 et
374 883 652 954 operum
689 859 1206 954 magnitudinem
1228 860 1244 906 ¹·
1272 875 1338 930 et
1361 863 1667 929 timorem
1693 888 1882 932 suum
1909 863 2217 958 sperabat
2240 864 2407 933 fidu-

278 966 452 1033 ciam
493 965 786 1034 barbaris
830 963 1220 1054 allaturum3
1253 980 1349 1053 et,
1384 991 1589 1060 quum
1633 968 2016 1063 pabulatum
2058 970 2411 1040 frumenta-

279 1085 554 1166 tumque
589 1070 846 1167 longius
882 1087 1052 1141 esset
1091 1071 1640 1168 proficiscendum
1662 1129 1680 1163 ‚
1706 1078 1926 1171 parvis
1956 1078 2173 1171 copiis'
2195 1092 2411 1147 castr‘a

281 1179 647 1247 munitione
706 1181 845 1275 ipsa
903 1179 1167 1248 videbat
1228 1203 1421 1274 posse
1457 1179 1753 1249 defendi.
1813 1184 2085 1252 Interim
2106 1237 2126 1270 ‚
2174 1184 2410 1254 crebro

279 1285 508 1378 paucis
544 1287 874 1379 utrimque
912 1285 1485 1379 procurrentibu5‚
1514 1288 1685 1362 inter
1721 1277 1893 1356 bina‘
1917 1304 2132 1358 castra
2171 1288 2410 1383 palude

280 1391 656 1484 interjecta,
692 1391 1251 1461 contendebatur:
1278 1415 1476 1486 quam
1510 1406 1731 1461 tamen
1766 1393 2075 1488 paludem
2112 1419 2411 1465 nonnun-

277 1521 479 1590 quam
561 1512 676 1566 aut
732 1513 957 1567 nostra
1023 1496 1260 1568 auxilia
1328 1497 1673 1568 Gallorum
1735 1500 2407 1622 Germanorumque²

277 1603 690 1692 transibant,
732 1607 1074 1736 aeriusque
1112 1605 1335 1675 hostes
1377 1605 1927 1700 insequebantur3
1964 1622 2080 1675 aut
2120 1609 2407 1677 vicissim

278 1708 523 1798 hostes,
541 1659 880 1780 eanidem³
902 1714 1322 1807 transgressi,
1343 1726 1605 1781 nostros
1624 1711 1881 1808 longius
1907 1713 2403 1782 submovebant.

279 1815 637 1888 Accidebat
664 1833 887 1886 autem
923 1818 1315 1912 quotidianis
1354 1817 1883 1913 pabulationibus
1899 1872 1918 1906 ‚
1941 1810 2047 1908 (id
2092 1819 2271 1913 quod
2309 1843 2409 1888 ac-

279 1920 496 1992 cidere
540 1938 683 1993 erat
725 1949 989 1993 necesse
1006 1978 1026 2012 ‚
1067 1950 1271 2020 quum
1317 1925 1481 1994 raris
1523 1924 1936 2019 disjectisque
1983 1950 2066 1992 ex
2121 1924 2407 1995 aedificiis

276 2028 593 2123 pabulum
632 2025 1210 2124 conquireretur,)
1231 2044 1307 2099 ut
1340 2030 1666 2125 impeditis
1703 2029 1861 2099 locis
1897 2030 2171 2124 dispersi
2206 2031 2407 2126 pabu-

276 2133 517 2204 latores
559 2136 1194 2206 circumvenirentur
1218 2162 1233 2203 :
1258 2160 1404 2230 quoe
1427 2161 1531 2205 res
1555 2139 1678 2205 etsi
1708 2136 2038 2205 mediocre
2061 2131 2408 2206 detrimenss

278 2255 424 2309 tum
478 2242 930 2335 jumentorum
982 2267 1060 2311 ac
1116 2267 1471 2314 servorum
1500 2244 1742 2311 nostris
1781 2241 2100 2311 afferebat
2120 2297 2139 2331 ‚
2182 2256 2404 2311 tamen

275 2336 546 2416 stultas⁴
572 2350 999 2445 cogitationes
1028 2348 1344 2418 incitabat
1378 2349 1847 2435 barbarorum3
1870 2362 2066 2443 atque
2090 2373 2171 2417 eo
2194 2351 2404 2445 magis

273 2454 454 2548 quod
491 2457 867 2544 Commius»,
890 2480 1086 2587 qsuem
1117 2454 1490 2550 profectum
1524 2453 1610 2522 ad
1638 2454 1875 2523 auxilia
1917 2458 2404 2525 Germanorum

272 2562 663 2632 arcessenda
714 2548 955 2632 docui⁵
974 2618 992 2652 ‚
1031 2588 1184 2633 cum
1240 2562 1565 2657 equutibus
1609 2577 1942 2631 venerat.
1989 2564 2101 2657 qui
2144 2564 2401 2632 tametsi

274 2692 553 2738 numero
588 2693 724 2738 non
769 2668 1048 2764 amplius
1091 2660 1281 2739 erant
1318 2654 1735 2764 quingenti,
1772 2684 1993 2738 tamen
2033 2671 2399 2738 Germano·

271 2798 418 2843 rum
461 2775 750 2844 adventu
792 2775 1053 2845 barbari
1094 2775 1554 2845 inflabantur-⁷.

379 2884 499 2950 xl.
532 2884 792 2969 Gabar,
814 2906 1020 2976 quum
1045 2885 1336 2951 animum
1373 2881 1777 2967 adverteret,
1811 2881 2070 2950 hostem
2101 2879 2397 2977 complu-

356 3065 964 3138 Cu.X.1.Namqueet
986 3084 1176 3136 opem
1193 3084 1296 3116 ma·

271 3145 599 3216 gnimdimm,
639 3157 728 3198 σιτ.
763 3147 1003 3199 Davisius
1043 3144 1299 3217 proponit

272 3244 338 3277 a·
347 3244 537 3296 openan
552 3224 900 3296 magnitudisne,
921 3230 1131 3276 amorem
1143 3244 1295 3277 suum.

276 3304 533 3358 Frnsm.
559 3322 659 3358 nec
697 3303 819 3358 ideo
862 3304 1189 3358 sollicitanda
1220 3316 1299 3357 est

271 3385 461 3450 lectio,
479 3403 602 3438 nam
629 3384 688 3438 id
712 3382 900 3437 eodem
926 3383 1085 3459 redit.
1107 3384 1295 3457 Spere-

275 3624 946 3677 dumba-hamam.

395 3706 566 3757 ‚Aut
603 3716 769 3757 nostra
811 3704 996 3756 auxilia
1041 3702 1297 3757 Gallorum

279 3783 734 3857 Germanorumque.
755 3780 929 3836 codd.
950 3783 1061 3835 fere
1084 3796 1296 3834 omnes:

274 3875 364 3915 atat
391 3874 555 3915 nostra
599 3876 689 3915 aut
714 3864 902 3915 auxilia
947 3862 1106 3916 Gau)
1128 3860 1294 3915 Gom

275 3943 420 3996 Bene
464 3943 682 3997 alteram
733 3942 1159 4014 conjunctionem
1191 3951 1301 3992 ”aut

275 4022 535 4076 intrusum
557 4022 741 4094 rejecit
757 4021 891 4074 Seal.
910 4038 975 4073 ex
997 4022 1298 4090 conjectura

276 4103 449 4156 Giacc.
479 4118 639 4173 quam
670 4100 948 4155 confimat
974 4100 1092 4153 eod.
1122 4100 1296 4152 Oxou.

276 4182 448 4235 Porro
472 4182 664 4235 auxilia
693 4181 971 4234 Gallorum
997 4193 1052 4232 et
1076 4179 1298 4233 Germa-

274 4258 662 4315 norum'fuiue
703 4262 759 4313 in
803 4259 1039 4315 exercitu
1076 4277 1298 4311 mmano

273 4343 478 4398 nemini
497 4340 723 4398 dubium
743 4354 851 4395 eet:
871 4350 1300 4412 nummatum

1382 3064 1588 3125 mdia,
1614 3074 1742 3116 ete...
1765 3075 1853 3114 aut
1878 3063 2029 3114 hostes
2049 3066 2280 3125 vicissim,
2296 3076 2395 3117 etc.

1464 3143 1770 3195 3.E‹1mdem.
1787 3144 1866 3196 Ita
1879 3142 2211 3195 recentiores.
2223 3140 2397 3195 codd.

1380 3223 1581 3276 habent
1609 3222 1772 3275 eadem
1799 3222 1882 3274 vel
1911 3222 2098 3283 eodem,
2143 3222 2260 3293 pari
2290 3223 2400 3276 sere

1382 3320 1554 3355 sensu.
1589 3302 1725 3355 Nam
1756 3322 1811 3352 eo
1841 3313 1961 3355 ete
1935 3322 2023 3362 e,a
2057 3320 2149 3373 quo
2188 3312 2237 3352 ee
2271 3320 2394 3374 qua,

1382 3400 1547 3454 quum
1569 3380 1767 3434 deloco
1786 3381 2398 3493 agimsaepeinscriptt.

1381 3474 1507 3515 vett.
1537 3460 1955 3515 confunduntur.

1466 3548 1516 3605 4.
1560 3543 1738 3594 Tamen
1775 3541 1978 3604 stultas,
2002 3550 2092 3591 etc.
2127 3539 2247 3591 Hoc
2282 3541 2400 3592 loco

1381 3633 1695 3691 corruptum
1742 3622 1774 3673 J
1778 3621 1849 3673 ul.
1900 3620 2111 3673 Celsum
2157 3617 2403 3672 emendat

1381 3701 1639 3755 Davisius.
1674 3697 1817 3752 Vide
1848 3700 1905 3752 in
1930 3712 2112 3752 nostro
2143 3698 2250 3750 vol.
2278 3710 2398 3751 tert.

1382 3778 1449 3832 ad
1477 3780 1623 3831 hunc
1651 3780 1845 3831 locum.
1940 3792 1947 3801 ·
2062 3792 2073 3803 ⁴

1391 3892 1398 3897 -
1467 3860 1518 3912 5.
1544 3860 1723 3911 Domi.
1756 3859 1925 3928 Supra
1959 3875 2005 3910 c.
2041 3872 2092 3926 7.

1464 3943 1520 3993 6-
1529 3928 1752 4007 Quinge
1725 3941 1840 3989 enti.
1882 3938 2024 3989 Bene
2060 3933 2305 3988 emendat
2340 3954 2400 3987 ex

1382 4014 1548 4111 codd.
1583 4020 1735 4070 Voss.
1768 4012 1965 4088 vulget.
2000 4019 2282 4097 quingenffs.

1435 4116 1519 4167 7.
1547 4097 1867 4168 [Μύσκων.
1896 4095 2057 4147 Pauci
2082 4088 2240 4146 codd.
2270 4093 2407 4146 hane

1381 4179 1663 4231 lectionem
1702 4174 1969 4229 exhibent.
2008 4173 2232 4226 Plurimi
2263 4168 2405 4226 enim

1383 4260 1577 4329 legunt
1586 4256 1872 4309 nitebantur.
1891 4254 2083 4308 Noster
2094 4252 2214 4309 cod.
2235 4252 2410 4323 5764,

1387 4332 1694 4407 irfiabantur.

2015 4428 2040 4466 2

1899 4466 1989 4537 ²7
