3111 5147
752 536 841 606 18
1020 540 1097 608 C.
1153 539 1436 607 JULII
1491 537 1960 606 CAESARIS
2013 535 2563 605 COMMENT.

740 693 896 738 nam
930 671 1144 739 omnis
1180 670 1411 739 civitas
1443 668 1795 739 Helvetia
1777 693 1846 736 m
1871 682 2156 763 quatuor
2190 691 2400 763 pagos
2426 662 2706 735 ’divisa
2745 680 2874 735 est.

741 778 868 845 Hic
909 800 1120 895 pagus
1162 801 1337 845 unus
1348 795 1598 868 ,quum
1640 775 1841 845 domo
1884 777 2151 862 exisset,
2183 788 2448 869 patrum
2484 785 2872 841 nostrorum

739 885 1060 951 memoria
1089 886 1165 951 L.
1191 883 1495 952 Cassium
1525 867 1921 951 Consulem⁸
1949 880 2401 967 interfecerat,
2426 892 2495 949 et
2514 879 2658 973 ejus
2689 900 2878 947 exer-

738 989 946 1057 citum
1001 988 1127 1057 sub
1174 987 1411 1081 jugum
1465 989 1752 1058 miserat.
1809 991 1947 1075 Ita,
1980 990 2117 1057 sive
2172 1010 2365 1075 casu,
2400 988 2537 1055 sive
2592 984 2873 1054 consilio

739 1097 1040 1165 Deorum
1088 1092 1595 1181 immortalium,
1628 1118 1774 1188 quae
1817 1118 1971 1189 pars
2019 1095 2299 1163 civitatis
2354 1091 2670 1162 Helvetiae
2712 1094 2870 1160 insi·

741 1220 941 1294 gnem
986 1198 1425 1271 calamitatem
1464 1199 1713 1319 populo
1750 1224 2028 1269 romano
2065 1198 2407 1287 intulerat,
2441 1223 2520 1267 ea
2559 1199 2869 1293 princeps

742 1330 973 1400 poenas
1018 1305 1347 1400 persolvit
1396 1308 1552 1396 Qua
1606 1309 1674 1375 in
1718 1331 1790 1375 re
1833 1309 2056 1376 Caesar
2097 1330 2234 1374 non
2277 1304 2492 1375 solum
2535 1301 2869 1399 publicas,

741 1411 859 1481 sed
912 1414 1109 1481 etiam
1145 1414 1453 1557 9privatas
1505 1413 1779 1506 injurias
1833 1411 2011 1483 ultus
2063 1427 2198 1500 est,
2227 1411 2404 1506 quod
2461 1411 2602 1504 ejus
2654 1413 2870 1481 soceri

742 1520 821 1587 L.
866 1517 1171 1588 Pisonis⁹
1208 1542 1406 1589 avum
1423 1573 1442 1608 ,
1471 1522 1547 1590 L.
1593 1522 1898 1589 Pisonem
1942 1518 2266 1615 legatum,
2292 1519 2590 1612 Tigurini
2629 1517 2866 1587 eodem

741 1624 968 1719 praelio
984 1679 1004 1712 ,
1037 1651 1168 1720 quo
1212 1628 1514 1695 Cassium
1530 1679 1551 1713 ,
1582 1625 2064 1695 interfecerant.

847 1733 1036 1801 ΧΙΠ.
1084 1734 1232 1800 Hoc
1288 1731 1514 1825 praelio
1569 1730 1781 1819 facto,
1822 1731 2102 1826 reliquas
2144 1731 2369 1824 copias
2412 1727 2866 1798 Helvetiorum

740 1850 817 1904 ut
871 1839 1184 1930 consequi
1231 1850 1454 1930 posset
1480 1889 1499 1924 ,
1544 1851 1816 1931 pontem
1869 1840 1938 1905 in
1981 1837 2173 1906 Arari
2213 1835 2586 1905 faciendum
2643 1850 2869 1924 curat,

740 1956 939 2035 atque
993 1943 1087 2010 ita
1138 1944 1499 2011 exercitum
1547 1942 1833 2012 traducit
1864 1941 1905 2010 ¹.
1962 1941 2243 2011 Helvetii
2260 1996 2279 2029 ,
2330 1944 2678 2035 repentino
2724 1943 2870 2035 ejus

738 2046 1031 2116 adventu
1057 2050 1372 2116 commoti
1387 2070 1635 2142 ,quum
1668 2044 1733 2117 id
1748 2048 1975 2143 ,quod
2007 2050 2129 2143 ipsi
2156 2048 2387 2178 die’bus
2409 2049 2641 2143 viginti
2670 2072 2871 2143 aeger-

740 2154 906 2221 rime
953 2153 1408 2242 confecerant,
1446 2168 1519 2223 ut
1573 2154 1819 2224 flumen
1877 2151 2300 2242 transirent’,
2331 2179 2466 2224 uno
2520 2153 2706 2223 illum
2761 2154 2871 2223 die

741 2258 972 2329 fecisse
1009 2258 1477 2355 intelligerent,
1508 2259 1777 2392 legatos³
1800 2261 1885 2329 ad
1927 2287 2081 2331 eum
2118 2263 2434 2330 mittunt:
2469 2259 2657 2353 cujus
2700 2258 2872 2355 lega

740 2366 938 2436 tionis
970 2368 1210 2435 Divico
1253 2367 1561 2462 princeps
1604 2352 1777 2437 fuit³
1783 2421 1803 2456 ,
1830 2369 1943 2460 qui
1975 2365 2148 2438 bello
2191 2367 2509 2436 Cassiano
2551 2366 2687 2435 dux
2718 2365 2870 2435 Hel·

740 2474 1070 2541 vetiorum
1126 2471 1358 2540 fuerat.
1415 2474 1483 2541 Is
1525 2473 1618 2541 ita
1668 2498 1822 2543 cum
1862 2475 2122 2543 Coesare
2173 2458 2355 2568 agit⁴
2373 2497 2387 2540 :
2429 2503 2464 2538 α
2517 2474 2586 2542 Si
2633 2497 2866 2567 pacem

741 2577 1031 2697 populus
1071 2603 1382 2648 romanus
1429 2595 1583 2647 cum
1628 2579 1942 2650 Helvetiis
1984 2581 2267 2668 faceret,
2308 2581 2376 2648 in
2418 2603 2565 2649 eam
2607 2594 2868 2674 partem

741 2685 951 2752 ituros
986 2698 1182 2813 atque
1223 2685 1311 2752 ibi
1347 2683 1606 2754 futuros
1648 2685 2023 2776 Helvetios,
2057 2687 2170 2755 ubi
2212 2711 2325 2755 eos
2367 2689 2590 2756 Caesar
2631 2688 2871 2756 consti·

743 2775 1025 2858 tuisset⁵
1069 2804 1265 2885 atque
1305 2814 1444 2861 esse
1484 2790 1847 2862 voluisset:
1884 2796 1984 2862 sin
2023 2791 2196 2862 bello
2230 2794 2532 2922 persequi
2573 2817 2870 2886 perseve-

742 2891 1523 2986 raret,1eminisceretur
1577 2913 1644 2968 et
1694 2901 1931 2969 veteris
1977 2883 2432 2968 incommodi⁶
2476 2897 2705 2993 populi
2756 2925 2868 2968 ro·

1848 3062 1913 3116 Id
1941 3064 2100 3116 semel
2126 3062 2383 3117 indicasse
2408 3076 2487 3116 sat
2511 3064 2665 3116 nobis
2691 3063 2868 3119 visum

1849 3143 1965 3197 fuit.
1980 3141 2152 3198 codd.
2165 3144 2334 3196 nostri
2347 3144 2472 3214 Reg.
2493 3145 2671 3213 5764,
2690 3144 2869 3215 5770,

1855 3224 2032 3293 5783,
2056 3236 2110 3277 et
2135 3223 2223 3275 alii
2251 3222 2449 3276 habent
2472 3235 2663 3276 eea-at...
2693 3223 2868 3277 mda-

1848 3306 1938 3364 εει,
1973 3320 2084 3355 non
2121 3302 2405 3364 transducit,
2439 3303 2520 3362 uti
2562 3314 2869 3358 constanter

1848 3382 2086 3452 praebent
2114 3380 2237 3435 edd.
2266 3381 2447 3435 Germ.
2475 3396 2528 3436 et
2553 3379 2799 3454 Anglicse.

827 3078 880 3130 7.
916 3060 978 3112 In
1019 3073 1224 3133 quatuor
1246 3080 1421 3132 pagos.
1461 3060 1598 3115 cod.
1635 3063 1760 3133 Reg.

749 3138 900 3210 5764
933 3137 1081 3192 addit
1103 3140 1190 3191 vel
1206 3154 1389 3212 partes.
1418 3141 1465 3192 E
1492 3141 1676 3212 glossa.

809 3221 862 3274 8.
876 3219 937 3271 L.
957 3219 1171 3271 Cassium
1186 3219 1435 3272 Consulem
1448 3223 1760 3288 intersecet-at.

744 3296 871 3348 Haec
902 3297 1152 3367 leguntur
1184 3298 1241 3350 in
1265 3299 1494 3370 Appiani
1522 3299 1763 3366 Celticis,

744 3394 800 3448 p.
819 3375 960 3445 755,
977 3374 1061 3428 ed.
1084 3376 1264 3448 Steph.
1287 3374 1444 3432 ducta
1469 3397 1533 3431 ex
1555 3377 1765 3431 Claudii

745 3454 898 3508 Pauli
930 3454 1220 3509 annalibus.
1239 3456 1317 3509 Ea
1347 3456 1521 3510 clades
1546 3456 1615 3510 ad
1637 3477 1760 3512 sun.

749 3534 822 3589 U.
847 3535 908 3588 C.
934 3538 1046 3598 646
1071 3535 1317 3606 pertinet.
1340 3535 1441 3589 On.

829 3633 882 3684 9.
929 3614 1079 3684 Quod
1116 3617 1215 3685 ejus
1256 3621 1406 3668 soca-i
1444 3617 1506 3669 L.
1553 3618 1760 3673 Pisonis.

745 3693 919 3747 Cesar
943 3694 1085 3746 enim
1108 3694 1447 3766 Calpurniam
1463 3697 1524 3750 L.
1539 3697 1763 3763 Pisonis,

740 3773 846 3827 sibi
873 3774 929 3825 in
959 3775 1231 3827 consulatu
1259 3775 1569 3841 successuri,
1597 3776 1762 3830 filiam

742 3870 962 3906 uxorem
983 3851 1221 3908 duxerat.
1243 3854 1422 3921 Suet„
1445 3856 1553 3909 sul.
1589 3873 1757 3911 c.21.

821 3932 950 3986 Cn».
982 3933 1136 3988 xm.
1175 3952 1222 3988 1.
1259 3935 1464 3989 Posset..
1471 3975 1504 3989 ..
1544 3949 1737 3990 eiu-at...

741 4012 965 4067 traducit.
1001 4013 1136 4068 cod.
1180 4016 1307 4087 Reg.
1346 4015 1498 4087 Angl.
1535 4029 1590 4068 et
1628 4015 1756 4070 edit.

736 4090 892 4144 Rom.
920 4098 1156 4147 cmvii..
1199 4135 1212 4148 .
1252 4096 1537 4150 transduxit.
1572 4099 1668 4162 At,
1699 4108 1761 4150 ut

734 4182 878 4223 recte
901 4172 1198 4227 observavit
1219 4173 1436 4240 Clarke‚
1453 4189 1656 4231 constat
1672 4189 1759 4229 ut-

736 4266 965 4320 cumque
992 4263 1289 4323 temporum
1314 4258 1475 4322 ratio,
1505 4257 1758 4328 quoniam

732 4346 819 4385 tes
840 4330 1132 4402 proterite,
1151 4344 1211 4385 ut
1237 4351 1465 4404 presens
1492 4348 1753 4390 umatum

1933 3480 1984 3514 a.
2032 3460 2101 3513 Ut
2124 3463 2311 3533 fleam·
2342 3467 2607 3515 trumo-ent.
2644 3461 2869 3515 Ciaeco·

1847 3539 2006 3593 nius:
2041 3565 2065 3589 ι
2101 3542 2302 3594 Dubito
2335 3559 2403 3595 an
2430 3542 2542 3595 haec
2569 3542 2730 3595 verb·
2755 3542 2871 3597 sint

1850 3619 2083 3678 Castris.
2105 3645 2127 3668 ι
2156 3622 2428 3674 Immerito
2443 3640 2457 3675 ε
2472 3637 2595 3675 nam
2621 3620 2868 3675 hocco-

1847 3717 1932 3753 ιιι·
1952 3697 2159 3753 addidit
2186 3702 2445 3771 σαφηνείας
2464 3717 2632 3755 causa.
2659 3702 2793 3754 Dav.

1928 3779 1981 3832 3.
2022 3780 2250 3852 Pn‘neeps
2264 3783 2383 3848 suit.
2413 3782 2534 3834 Dux
2559 3780 2861 3852 panarius.

1928 3866 1981 3924 4.
2023 3859 2166 3930 Agit.
2192 3860 2256 3914 sl.
2287 3866 2400 3930 egit.
2431 3860 2617 3914 melius
2643 3864 2778 3931 agit,
2799 3871 2868 3914 ut

1844 3937 2103 3993 coherent
2134 3957 2256 3994 cum
2283 3959 2348 3993 eo
2377 3939 2523 4011 quod
2542 3957 2726 4012 supra,
2752 3943 2866 3991 mie·

1848 4031 1968 4072 tune.
1989 4019 2170 4074 Nostri
2216 4017 2440 4073 Codeta
2413 4023 2529 4089 egit.

1929 4099 1979 4153 5.
2027 4099 2126 4153 Ubi
2151 4120 2229 4152 eos
2252 4098 2422 4152 Cesar
2439 4103 2768 4152 constituisset.
2788 4098 2860 4152 In

1845 4179 2027 4232 multis
2055 4177 2210 4232 codd
2241 4176 2387 4231 deest
2412 4198 2506 4232 eos.

1933 4263 1987 4314 6.
2006 4259 2193 4311 Veteris
2206 4258 2498 4311 incommodi.
2515 4257 2694 4326 Quod,
2711 4258 2862 4312 victo

1845 4336 2055 4403 Cassio,
2079 4337 2533 4411 acceperantvid.
2556 4342 2617 4405 6,
2634 4357 2668 4409 7
2691 4350 2746 4396 et
2765 4355 2787 4393 1
2803 4358 2855 4392 ιι.
