3111 5147
1410 5 1602 10 —⁷⁷*·————
1625 5 1676 8 —r
1695 3 2152 17 -ι--Ἷ--ι-ῄή--ψ
2167 5 2202 8 ⁷-7
2215 3 2408 15 ἶ-ἼΠῚν-ν---Ἷ-

270 592 1395 615 mmmmmm
1401 593 2401 639 mmmmm-“mn

730 790 1951 918 DISSERTATIO

337 1277 956 1431 URBE
1078 1279 2334 1439 AGENDICO.

272 1790 766 1916 Autumnum
815 1838 842 1933 (
897 1844 1038 1931 48⁰
1083 1830 1204 1915 33'
1232 1879 1338 1890 -—
1365 1847 1429 1915 1⁰
1471 1837 1518 1934 ).
1553 1846 1948 1940 Emporium
2005 1845 2294 1939 celebre,
2338 1865 2403 1923 et

277 1978 397 2022 arx
427 1953 867 2021 munitissima
899 1953 968 2020 in
999 1950 1242 2021 finibus
1271 1953 1611 2021 Senonum
1632 2005 1650 2038 ,
1683 1968 1759 2022 ut
1792 1967 1973 2048 patet
2007 1978 2089 2023 ex
2124 1958 2404 2027 Caesare.

275 2060 546 2129 Rectius
563 2058 960 2128 scriberetur
976 2058 1405 2154 Agedincum
1428 2083 1584 2127 eum
1602 2061 1950 2130 Itinerario
1972 2061 2318 2150 Antonini,
2342 2077 2408 2133 et

273 2167 431 2235 Tab.
448 2165 921 2235 Theodosiana.
943 2164 1334 2235 Ptolemaeus
1346 2189 1611 2259 quoque
1622 2165 1824 2235 habet
1834 2155 2168 2261 Αγηδικὸν.
2192 2171 2402 2238 Caete·

277 2298 426 2342 rum
450 2272 609 2342 urbs
633 2272 1127 2341 florentissima:
1147 2295 1302 2340 nam
1327 2270 1416 2339 ibi
1440 2274 1663 2343 Caesar
1685 2275 2190 2344 armamentaria
2211 2289 2279 2342 et
2294 2275 2407 2343 im-

276 2379 652 2474 pedimenta
676 2377 1010 2449 locaverat
1028 2402 1144 2448 sua
1159 2433 1179 2467 ,
1201 2380 1268 2447 in
1286 2377 1699 2474 expeditione
1721 2377 2035 2448 adversus
2056 2381 2409 2474 Vercinge-

280 2488 578 2582 torigem.
611 2484 764 2556 Vid.
801 2484 841 2553 1.
869 2509 977 2573 vi,
1007 2510 1063 2555 c.
1101 2488 1396 2575 443v11‚
1441 2508 1564 2572 10,
1601 2480 1691 2581 57
1714 2536 1734 2572 ‚
1767 2480 1899 2582 59,
1925 2482 2045 2555 62.
2075 2487 2181 2554 De
2210 2485 2408 2581 hujus

280 2595 405 2662 situ
438 2591 616 2688 apud
642 2593 874 2664 doctos
899 2593 1269 2692 ambigitur.
1303 2590 1669 2664 Marlianus
1692 2593 1944 2690 primus
1971 2594 2064 2662 ait
2090 2595 2412 2682 Prome-5,

278 2724 476 2796 quem
502 2699 732 2769 irridet
756 2697 1078 2795 Scaliger,
1106 2724 1261 2778 eum
1288 2697 1576 2776 stultitiae
1603 2723 1922 2794 arguens:
1946 2698 2153 2790 male,
2179 2714 2410 2774 nostro

273 2803 555 2898 judicio,
586 2821 665 2875 ut
703 2804 875 2874 infra
921 2805 1144 2876 videre
1191 2805 1289 2875 fas
1331 2807 1472 2874 erit.
1523 2806 1771 2882 entier
1803 2808 2197 2900 posteriores
2217 2859 2239 2896 ‚
2273 2803 2408 2880 scil.

281 2915 558 2984 Sanson
573 2964 597 3000 ,
642 2911 864 2986 Hadr.
919 2915 998 2982 V
987 2914 1200 2997 alots,
1241 2925 1439 3008 atque
1492 2911 1691 2986 etiam
1746 2911 2131 2999 d'Anville,
2176 2911 2413 2984 urbem

283 3017 692 3116 Agendicum
737 3033 1043 3092 vocatam
1070 3043 1110 3092 a
1148 3020 1446 3106 Caesare,
1481 3040 1621 3088 esse
1670 3019 1844 3090 Sena·
1892 3015 2227 3090 affirmare
2276 3043 2413 3088 non

281 3125 767 3198 dubitaverunt.
821 3127 911 3204 At
960 3124 1441 3221 disquisitiones
1490 3121 1633 3196 aliae
1684 3123 2126 3200 accuratiores
2142 3176 2162 3214 ,
2206 3138 2274 3193 et
2312 3138 2411 3196 to·

282 3231 651 3332 pographia
715 3233 998 3326 regionis
1072 3229 1442 3329 diligentius
1509 3233 1807 3328 inspecta
1876 3253 2075 3300 omne
2139 3228 2414 3300 dubium

283 3363 361 3408 ea
397 3338 480 3408 de
515 3363 588 3408 re
624 3335 1046 3410 sustulerunt.
1079 3340 1289 3412 Porro
1320 3336 1503 3408 dixi
1487 3361 1555 3405 m
1586 3336 1759 3408 notis
1793 3337 1990 3423 meis,
2024 3334 2192 3406 libro
2219 3337 2415 3431 septi—

286 3471 434 3534 me,
462 3469 607 3540 cap.
649 3441 764 3540 57.
798 3470 861 3512 n
902 3468 927 3514 1
970 3459 1037 3516 et
1068 3469 1281 3540 seqq„
1309 3442 1724 3543 Agendicum
1753 3466 1893 3516 esse
1928 3444 2245 3528 Prooms,
2281 3466 2417 3512 non

285 3554 504 3638 Sea-5,-
550 3566 617 3624 et
658 3553 1073 3648 propositum
1111 3575 1339 3624 meum
1389 3549 1675 3646 probare
1725 3546 1954 3626 debeo.
2013 3549 2296 3643 Reipsa,
2338 3571 2421 3620 ex

286 3659 418 3730 hoc
461 3660 591 3730 situ
636 3658 819 3730 urhis
861 3655 1183 3744 promes,
1223 3657 1292 3725 in
1333 3655 1748 3752 expeditione
1788 3656 2065 3726 Labieni
2105 3653 2421 3726 adversus

289 3767 604 3852 Parisios,
633 3765 857 3836 omnia
888 3778 1042 3836 sunt
1071 3761 1268 3860 plana
1297 3776 1365 3834 et
1393 3775 1659 3857 aperta,
1680 3776 1748 3830 et
1770 3760 2101 3856 quadrant
2124 3760 2421 3854 apprime

291 3893 445 3946 cum
465 3871 735 3968 palude
757 3875 1139 3970 perpetius,
1182 3893 1379 3963 quam
1415 3868 1803 3944 firmissimis
1836 3868 2273 3962 argumentis
2284 3888 2425 3938 esse

291 3976 376 4046 ad
403 3978 974 4073 septemtrionem,
1003 3999 1138 4052 non
1164 3973 1248 4044 ad
1272 3974 1612 4048 meridiem
1641 3973 2107 4044 demonstravi.
2140 3969 2273 4042 Sed
2293 3970 2423 4042 hoc

294 4107 430 4156 non
447 4085 602 4158 satis
630 4098 840 4156 esset:
864 4107 1020 4160 nam
1050 4107 1132 4154 ex
1149 4107 1230 4152 eo
1252 4080 1434 4178 quod
1453 4078 1643 4177 palus
1662 4093 1983 4176 perpetua
2010 4080 2096 4150 sit
2114 4076 2202 4150 ad
2226 4091 2390 4172 sept.
2409 4130 2431 4165 ‚

293 4213 430 4259 non
472 4190 558 4260 ad
599 4191 832 4262 merid.
851 4245 870 4279 ‚
915 4214 1052 4264 non
1093 4187 1245 4260 inde
1289 4189 1583 4285 sequntur
1625 4183 2037 4286 Agendicum
2058 4238 2077 4271 ‚
2120 4198 2245 4254 ete.
2284 4181 2430 4255 Alia

1915 4305 2058 4390 30⁴
