<?xml version="1.0" encoding="UTF-8"?>
<!DOCTYPE html PUBLIC "-//W3C//DTD XHTML 1.0 Transitional//EN"
    "http://www.w3.org/TR/xhtml1/DTD/xhtml1-transitional.dtd">
<html xmlns="http://www.w3.org/1999/xhtml" xml:lang="en" lang="en">
 <head>
  <title>
</title>
<meta http-equiv="Content-Type" content="text/html;charset=utf-8" />
  <meta name='ocr-system' content='tesseract 3.04.00' />
  <meta name='ocr-capabilities' content='ocr_page ocr_carea ocr_par ocr_line ocrx_word'/>
</head>
<body>
  <div class='ocr_page' id='page_1' title='image "./caesaradbodices00caesgoog_0086.png"; bbox 0 0 3111 5147; ppageno 0'>
   <div class='ocr_carea' id='block_1_1' title="bbox 763 508 2575 590">
    <p class='ocr_par' dir='ltr' id='par_1_1' title="bbox 763 508 2575 590">
     <span class='ocr_line' id='line_1_1' title="bbox 763 508 2575 590; baseline -0.004 0"><span class='ocrx_word' id='word_1_1' title='bbox 763 508 853 590; x_wconf 76' lang='lat'><strong>52</strong></span> <span class='ocrx_word' id='word_1_2' title='bbox 1045 520 1120 587; x_wconf 87' lang='lat' dir='ltr'><strong>C.</strong></span> <span class='ocrx_word' id='word_1_3' title='bbox 1174 516 1457 587; x_wconf 86' lang='lat' dir='ltr'><strong>JULII</strong></span> <span class='ocrx_word' id='word_1_4' title='bbox 1512 517 1975 586; x_wconf 85' lang='lat' dir='ltr'><strong>CAESARIS</strong></span> <span class='ocrx_word' id='word_1_5' title='bbox 2029 516 2575 586; x_wconf 89' lang='lat' dir='ltr'><strong>COMMENT.</strong></span> 
     </span>
    </p>
   </div>
   <div class='ocr_carea' id='block_1_2' title="bbox 630 649 2876 3499">
    <p class='ocr_par' dir='ltr' id='par_1_2' title="bbox 754 649 2874 827">
     <span class='ocr_line' id='line_1_2' title="bbox 756 649 2874 744; baseline 0 -24"><span class='ocrx_word' id='word_1_6' title='bbox 756 654 978 721; x_wconf 85' lang='lat' dir='ltr'><strong>Caesar</strong></span> <span class='ocrx_word' id='word_1_7' title='bbox 1011 665 1081 719; x_wconf 91' lang='lat' dir='ltr'><strong>et</strong></span> <span class='ocrx_word' id='word_1_8' title='bbox 1112 649 1472 719; x_wconf 84' lang='lat' dir='ltr'><strong>indulserat</strong></span> <span class='ocrx_word' id='word_1_9' title='bbox 1512 652 1840 744; x_wconf 72' lang='lat' dir='ltr'><strong>praecipue</strong></span> <span class='ocrx_word' id='word_1_10' title='bbox 1856 702 1876 737; x_wconf 88' lang='lat'>‚</span> <span class='ocrx_word' id='word_1_11' title='bbox 1911 663 1978 718; x_wconf 91' lang='lat' dir='ltr'><strong>et</strong></span> <span class='ocrx_word' id='word_1_12' title='bbox 2016 663 2289 744; x_wconf 89' lang='lat' dir='ltr'><strong>propter</strong></span> <span class='ocrx_word' id='word_1_13' title='bbox 2321 649 2632 718; x_wconf 82' lang='lat' dir='ltr'><strong>virtutem</strong></span> <span class='ocrx_word' id='word_1_14' title='bbox 2670 651 2874 721; x_wconf 87' lang='lat' dir='ltr'><strong>confi·</strong></span> 
     </span>
     <span class='ocr_line' id='line_1_3' title="bbox 754 758 1286 827; baseline -0.004 -1"><span class='ocrx_word' id='word_1_15' title='bbox 754 758 952 827; x_wconf 89' lang='lat' dir='ltr'><strong>debat</strong></span> <span class='ocrx_word' id='word_1_16' title='bbox 983 760 1286 825; x_wconf 82' lang='lat' dir='ltr'><strong>maxime.</strong></span> 
     </span>
    </p>

    <p class='ocr_par' dir='ltr' id='par_1_3' title="bbox 630 859 2876 2759">
     <span class='ocr_line' id='line_1_4' title="bbox 856 859 2875 949; baseline 0 -17"><span class='ocrx_word' id='word_1_17' title='bbox 856 866 1034 932; x_wconf 87' lang='lat' dir='ltr'><strong>XLI.</strong></span> <span class='ocrx_word' id='word_1_18' title='bbox 1069 867 1210 932; x_wconf 89' lang='lat' dir='ltr'><strong>Hac</strong></span> <span class='ocrx_word' id='word_1_19' title='bbox 1246 864 1540 932; x_wconf 88' lang='lat' dir='ltr'><strong>oratione</strong></span> <span class='ocrx_word' id='word_1_20' title='bbox 1576 863 1833 949; x_wconf 87' lang='lat' dir='ltr'><strong>habita,</strong></span> <span class='ocrx_word' id='word_1_21' title='bbox 1861 862 2101 929; x_wconf 86' lang='lat' dir='ltr'><strong>mirum</strong></span> <span class='ocrx_word' id='word_1_22' title='bbox 2136 862 2204 928; x_wconf 87' lang='lat' dir='ltr'><strong>in</strong></span> <span class='ocrx_word' id='word_1_23' title='bbox 2235 859 2506 928; x_wconf 92' lang='lat' dir='ltr'><strong>modum</strong></span> <span class='ocrx_word' id='word_1_24' title='bbox 2542 885 2875 932; x_wconf 84' lang='lat' dir='ltr'><strong>conversae</strong></span> 
     </span>
     <span class='ocr_line' id='line_1_5' title="bbox 752 965 2873 1061; baseline 0 -22"><span class='ocrx_word' id='word_1_25' title='bbox 752 985 907 1040; x_wconf 85' lang='lat' dir='ltr'><strong>sunt</strong></span> <span class='ocrx_word' id='word_1_26' title='bbox 958 972 1254 1039; x_wconf 90' lang='lat' dir='ltr'><strong>omnium</strong></span> <span class='ocrx_word' id='word_1_27' title='bbox 1315 983 1567 1038; x_wconf 85' lang='lat' dir='ltr'><strong>mentes</strong></span> <span class='ocrx_word' id='word_1_28' title='bbox 1587 1023 1607 1056; x_wconf 86' lang='lat'>‚</span> <span class='ocrx_word' id='word_1_29' title='bbox 1643 992 2025 1061; x_wconf 88' lang='lat' dir='ltr'><strong>summaque</strong></span> <span class='ocrx_word' id='word_1_30' title='bbox 2078 965 2379 1035; x_wconf 79' lang='lat' dir='ltr'><strong>alacritas</strong></span> <span class='ocrx_word' id='word_1_31' title='bbox 2432 980 2499 1034; x_wconf 91' lang='lat' dir='ltr'><strong>et</strong></span> <span class='ocrx_word' id='word_1_32' title='bbox 2551 968 2873 1061; x_wconf 81' lang='lat' dir='ltr'><strong>cupiditas</strong></span> 
     </span>
     <span class='ocr_line' id='line_1_6' title="bbox 748 1071 2875 1169; baseline -0 -24"><span class='ocrx_word' id='word_1_33' title='bbox 748 1074 900 1145; x_wconf 89' lang='lat' dir='ltr'><strong>belli</strong></span> <span class='ocrx_word' id='word_1_34' title='bbox 959 1075 1225 1169; x_wconf 88' lang='lat' dir='ltr'><strong>gerendi</strong></span> <span class='ocrx_word' id='word_1_35' title='bbox 1289 1076 1511 1142; x_wconf 87' lang='lat' dir='ltr'><strong>innata</strong></span> <span class='ocrx_word' id='word_1_36' title='bbox 1568 1089 1711 1162; x_wconf 89' lang='lat' dir='ltr'><strong>est;</strong></span> <span class='ocrx_word' id='word_1_37' title='bbox 1746 1076 2180 1169; x_wconf 81' lang='lat' dir='ltr'><strong>princepsque</strong></span> <span class='ocrx_word' id='word_1_38' title='bbox 2235 1073 2490 1140; x_wconf 90' lang='lat' dir='ltr'><strong>decima</strong></span> <span class='ocrx_word' id='word_1_39' title='bbox 2538 1071 2709 1166; x_wconf 89' lang='lat' dir='ltr'><strong>legio</strong></span> <span class='ocrx_word' id='word_1_40' title='bbox 2757 1099 2875 1169; x_wconf 91' lang='lat' dir='ltr'><strong>per</strong></span> 
     </span>
     <span class='ocr_line' id='line_1_7' title="bbox 746 1177 2876 1274; baseline -0.001 -24"><span class='ocrx_word' id='word_1_41' title='bbox 746 1183 1076 1251; x_wconf 84' lang='lat' dir='ltr'><strong>Tribunos</strong></span> <span class='ocrx_word' id='word_1_42' title='bbox 1132 1179 1412 1248; x_wconf 90' lang='lat' dir='ltr'><strong>militum</strong></span> <span class='ocrx_word' id='word_1_43' title='bbox 1465 1182 1526 1248; x_wconf 88' lang='lat' dir='ltr'><strong>ei</strong></span> <span class='ocrx_word' id='word_1_44' title='bbox 1578 1182 1817 1274; x_wconf 85' lang='lat' dir='ltr'><strong>gratias</strong></span> <span class='ocrx_word' id='word_1_45' title='bbox 1862 1181 2027 1274; x_wconf 87' lang='lat' dir='ltr'><strong>egit,</strong></span> <span class='ocrx_word' id='word_1_46' title='bbox 2063 1177 2241 1273; x_wconf 89' lang='lat' dir='ltr'><strong>quod</strong></span> <span class='ocrx_word' id='word_1_47' title='bbox 2292 1179 2374 1246; x_wconf 87' lang='lat' dir='ltr'><strong>de</strong></span> <span class='ocrx_word' id='word_1_48' title='bbox 2429 1203 2498 1246; x_wconf 91' lang='lat' dir='ltr'><strong>se</strong></span> <span class='ocrx_word' id='word_1_49' title='bbox 2549 1181 2876 1273; x_wconf 80' lang='lat' dir='ltr'><strong>optimum</strong></span> 
     </span>
     <span class='ocr_line' id='line_1_8' title="bbox 741 1282 2871 1381; baseline 0 -26"><span class='ocrx_word' id='word_1_50' title='bbox 741 1288 1066 1381; x_wconf 85' lang='lat' dir='ltr'><strong>judicium</strong></span> <span class='ocrx_word' id='word_1_51' title='bbox 1103 1287 1396 1374; x_wconf 81' lang='lat' dir='ltr'><strong>fecisset3</strong></span> <span class='ocrx_word' id='word_1_52' title='bbox 1432 1311 1630 1380; x_wconf 91' lang='lat' dir='ltr'><strong>seque</strong></span> <span class='ocrx_word' id='word_1_53' title='bbox 1665 1310 1804 1355; x_wconf 86' lang='lat' dir='ltr'><strong>esse</strong></span> <span class='ocrx_word' id='word_1_54' title='bbox 1841 1286 1926 1353; x_wconf 92' lang='lat' dir='ltr'><strong>ad</strong></span> <span class='ocrx_word' id='word_1_55' title='bbox 1976 1282 2220 1353; x_wconf 89' lang='lat' dir='ltr'><strong>bellum</strong></span> <span class='ocrx_word' id='word_1_56' title='bbox 2270 1283 2630 1378; x_wconf 88' lang='lat' dir='ltr'><strong>gerendum</strong></span> <span class='ocrx_word' id='word_1_57' title='bbox 2680 1310 2871 1381; x_wconf 91' lang='lat' dir='ltr'><strong>para·</strong></span> 
     </span>
     <span class='ocr_line' id='line_1_9' title="bbox 744 1390 2872 1486; baseline 0 -25"><span class='ocrx_word' id='word_1_58' title='bbox 744 1395 1081 1462; x_wconf 79' lang='lat' dir='ltr'><strong>tissimam·</strong></span> <span class='ocrx_word' id='word_1_59' title='bbox 1101 1393 1532 1461; x_wconf 87' lang='lat' dir='ltr'><strong>confirmavit.</strong></span> <span class='ocrx_word' id='word_1_60' title='bbox 1573 1392 1829 1461; x_wconf 88' lang='lat' dir='ltr'><strong>Deinde</strong></span> <span class='ocrx_word' id='word_1_61' title='bbox 1865 1390 2128 1485; x_wconf 85' lang='lat' dir='ltr'><strong>reliquae</strong></span> <span class='ocrx_word' id='word_1_62' title='bbox 2161 1390 2449 1485; x_wconf 82' lang='lat' dir='ltr'><strong>legiones</strong></span> <span class='ocrx_word' id='word_1_63' title='bbox 2484 1415 2605 1486; x_wconf 90' lang='lat' dir='ltr'><strong>per</strong></span> <span class='ocrx_word' id='word_1_64' title='bbox 2635 1393 2872 1461; x_wconf 87' lang='lat' dir='ltr'><strong>Tribu-</strong></span> 
     </span>
     <span class='ocr_line' id='line_1_10' title="bbox 748 1496 2873 1593; baseline 0 -27"><span class='ocrx_word' id='word_1_65' title='bbox 748 1523 870 1568; x_wconf 89' lang='lat' dir='ltr'><strong>nos</strong></span> <span class='ocrx_word' id='word_1_66' title='bbox 897 1498 1176 1568; x_wconf 89' lang='lat' dir='ltr'><strong>militum</strong></span> <span class='ocrx_word' id='word_1_67' title='bbox 1213 1513 1280 1567; x_wconf 90' lang='lat' dir='ltr'><strong>et</strong></span> <span class='ocrx_word' id='word_1_68' title='bbox 1312 1500 1678 1593; x_wconf 88' lang='lat' dir='ltr'><strong>primorum</strong></span> <span class='ocrx_word' id='word_1_69' title='bbox 1713 1498 2020 1567; x_wconf 88' lang='lat' dir='ltr'><strong>ordinum</strong></span> <span class='ocrx_word' id='word_1_70' title='bbox 2046 1498 2482 1567; x_wconf 89' lang='lat' dir='ltr'><strong>Centuriones</strong></span> <span class='ocrx_word' id='word_1_71' title='bbox 2507 1496 2525 1520; x_wconf 83' lang='lat'><em>¹</em></span> <span class='ocrx_word' id='word_1_72' title='bbox 2565 1514 2873 1592; x_wconf 83' lang='lat' dir='ltr'><strong>egerunt,</strong></span> 
     </span>
     <span class='ocr_line' id='line_1_11' title="bbox 748 1602 2870 1698; baseline 0.001 -26"><span class='ocrx_word' id='word_1_73' title='bbox 748 1608 845 1673; x_wconf 89' lang='lat' dir='ltr'><strong>uti</strong></span> <span class='ocrx_word' id='word_1_74' title='bbox 895 1606 1139 1674; x_wconf 87' lang='lat' dir='ltr'><strong>Caesari</strong></span> <span class='ocrx_word' id='word_1_75' title='bbox 1198 1605 1649 1674; x_wconf 84' lang='lat' dir='ltr'><strong>satisfacerent</strong></span> <span class='ocrx_word' id='word_1_76' title='bbox 1684 1629 1698 1670; x_wconf 95' lang='lat'><strong>:</strong></span> <span class='ocrx_word' id='word_1_77' title='bbox 1746 1629 1815 1672; x_wconf 90' lang='lat' dir='ltr'><strong>se</strong></span> <span class='ocrx_word' id='word_1_78' title='bbox 1872 1627 2085 1698; x_wconf 89' lang='lat' dir='ltr'><strong>neque</strong></span> <span class='ocrx_word' id='word_1_79' title='bbox 2147 1626 2436 1698; x_wconf 86' lang='lat' dir='ltr'><strong>unquam</strong></span> <span class='ocrx_word' id='word_1_80' title='bbox 2495 1602 2827 1674; x_wconf 88' lang='lat' dir='ltr'><strong>dubitasse</strong></span> <span class='ocrx_word' id='word_1_81' title='bbox 2849 1660 2870 1695; x_wconf 86' lang='lat'>,</span> 
     </span>
     <span class='ocr_line' id='line_1_12' title="bbox 746 1707 2870 1805; baseline 0 -27"><span class='ocrx_word' id='word_1_82' title='bbox 746 1736 959 1805; x_wconf 89' lang='lat' dir='ltr'><strong>neque</strong></span> <span class='ocrx_word' id='word_1_83' title='bbox 995 1713 1286 1779; x_wconf 87' lang='lat' dir='ltr'><strong>timuisse</strong></span> <span class='ocrx_word' id='word_1_84' title='bbox 1307 1764 1326 1798; x_wconf 87' lang='lat'>,</span> <span class='ocrx_word' id='word_1_85' title='bbox 1351 1734 1563 1803; x_wconf 89' lang='lat' dir='ltr'><strong>neque</strong></span> <span class='ocrx_word' id='word_1_86' title='bbox 1592 1709 1675 1777; x_wconf 92' lang='lat' dir='ltr'><strong>de</strong></span> <span class='ocrx_word' id='word_1_87' title='bbox 1710 1733 1966 1778; x_wconf 87' lang='lat' dir='ltr'><strong>summa</strong></span> <span class='ocrx_word' id='word_1_88' title='bbox 1991 1707 2141 1777; x_wconf 88' lang='lat' dir='ltr'><strong>belli</strong></span> <span class='ocrx_word' id='word_1_89' title='bbox 2167 1733 2358 1778; x_wconf 91' lang='lat' dir='ltr'><strong>suum</strong></span> <span class='ocrx_word' id='word_1_90' title='bbox 2375 1708 2694 1803; x_wconf 85' lang='lat' dir='ltr'><strong>judicium</strong></span> <span class='ocrx_word' id='word_1_91' title='bbox 2711 1764 2734 1799; x_wconf 85' lang='lat'><strong><em>‚</em></strong></span> <span class='ocrx_word' id='word_1_92' title='bbox 2757 1711 2870 1780; x_wconf 84' lang='lat' dir='ltr'><strong>sed</strong></span> 
     </span>
     <span class='ocr_line' id='line_1_13' title="bbox 744 1814 2866 1912; baseline 0 -27"><span class='ocrx_word' id='word_1_93' title='bbox 744 1818 1172 1912; x_wconf 90' lang='lat' dir='ltr'><strong>Imperatoris</strong></span> <span class='ocrx_word' id='word_1_94' title='bbox 1215 1840 1390 1903; x_wconf 85' lang='lat' dir='ltr'><strong>esse,</strong></span> <span class='ocrx_word' id='word_1_95' title='bbox 1426 1817 1910 1884; x_wconf 83' lang='lat' dir='ltr'><strong>existimavisse.</strong></span> <span class='ocrx_word' id='word_1_96' title='bbox 1962 1817 2215 1883; x_wconf 88' lang='lat' dir='ltr'><strong>Eorum</strong></span> <span class='ocrx_word' id='word_1_97' title='bbox 2262 1814 2703 1884; x_wconf 85' lang='lat' dir='ltr'><strong>satisfactione</strong></span> <span class='ocrx_word' id='word_1_98' title='bbox 2761 1840 2866 1886; x_wconf 90' lang='lat' dir='ltr'><strong>ac·</strong></span> 
     </span>
     <span class='ocr_line' id='line_1_14' title="bbox 745 1920 2868 2016; baseline 0 -26"><span class='ocrx_word' id='word_1_99' title='bbox 745 1938 970 2016; x_wconf 84' lang='lat' dir='ltr'><strong>cepta,</strong></span> <span class='ocrx_word' id='word_1_100' title='bbox 1002 1937 1070 1991; x_wconf 89' lang='lat' dir='ltr'><strong>et</strong></span> <span class='ocrx_word' id='word_1_101' title='bbox 1091 1924 1321 1989; x_wconf 89' lang='lat' dir='ltr'><strong>itinere</strong></span> <span class='ocrx_word' id='word_1_102' title='bbox 1344 1922 1663 2013; x_wconf 87' lang='lat' dir='ltr'><strong>exquisito</strong></span> <span class='ocrx_word' id='word_1_103' title='bbox 1691 1945 1811 2014; x_wconf 90' lang='lat' dir='ltr'><strong>per</strong></span> <span class='ocrx_word' id='word_1_104' title='bbox 1831 1922 2264 2007; x_wconf 86' lang='lat' dir='ltr'><strong>Divitiacum,</strong></span> <span class='ocrx_word' id='word_1_105' title='bbox 2298 1920 2475 2014; x_wconf 90' lang='lat' dir='ltr'><strong>quod</strong></span> <span class='ocrx_word' id='word_1_106' title='bbox 2508 1945 2589 1988; x_wconf 90' lang='lat' dir='ltr'><strong>ex</strong></span> <span class='ocrx_word' id='word_1_107' title='bbox 2619 1920 2868 1992; x_wconf 80' lang='lat' dir='ltr'><strong>Gallis&#39;</strong></span> 
     </span>
     <span class='ocr_line' id='line_1_15' title="bbox 744 2024 2866 2122; baseline 0.001 -28"><span class='ocrx_word' id='word_1_108' title='bbox 744 2028 803 2094; x_wconf 88' lang='lat' dir='ltr'><strong>ei</strong></span> <span class='ocrx_word' id='word_1_109' title='bbox 851 2030 1203 2094; x_wconf 81' lang='lat' dir='ltr'><strong>maximam</strong></span> <span class='ocrx_word' id='word_1_110' title='bbox 1245 2025 1442 2094; x_wconf 89' lang='lat' dir='ltr'><strong>fidem</strong></span> <span class='ocrx_word' id='word_1_111' title='bbox 1485 2024 1805 2113; x_wconf 84' lang='lat' dir='ltr'><strong>habebat,</strong></span> <span class='ocrx_word' id='word_1_112' title='bbox 1831 2039 1906 2093; x_wconf 88' lang='lat' dir='ltr'><strong>ut</strong></span> <span class='ocrx_word' id='word_1_113' title='bbox 1937 2024 2212 2093; x_wconf 91' lang='lat' dir='ltr'><strong>millium</strong></span> <span class='ocrx_word' id='word_1_114' title='bbox 2246 2024 2525 2121; x_wconf 89' lang='lat' dir='ltr'><strong>amplius</strong></span> <span class='ocrx_word' id='word_1_115' title='bbox 2546 2028 2866 2122; x_wconf 89' lang='lat' dir='ltr'><strong>quinqua·</strong></span> 
     </span>
     <span class='ocr_line' id='line_1_16' title="bbox 746 2119 2869 2227; baseline 0.002 -28"><span class='ocrx_word' id='word_1_116' title='bbox 746 2134 927 2226; x_wconf 87' lang='lat' dir='ltr'><strong>ginta</strong></span> <span class='ocrx_word' id='word_1_117' title='bbox 943 2119 966 2156; x_wconf 81' lang='lat'>³</span> <span class='ocrx_word' id='word_1_118' title='bbox 988 2134 1265 2201; x_wconf 85' lang='lat' dir='ltr'><strong>circuitu</strong></span> <span class='ocrx_word' id='word_1_119' title='bbox 1280 2185 1301 2219; x_wconf 87' lang='lat'>‚</span> <span class='ocrx_word' id='word_1_120' title='bbox 1323 2130 1484 2201; x_wconf 89' lang='lat' dir='ltr'><strong>locis</strong></span> <span class='ocrx_word' id='word_1_121' title='bbox 1517 2132 1788 2224; x_wconf 87' lang='lat' dir='ltr'><strong>apertis,</strong></span> <span class='ocrx_word' id='word_1_122' title='bbox 1810 2133 2167 2200; x_wconf 87' lang='lat' dir='ltr'><strong>exercitum</strong></span> <span class='ocrx_word' id='word_1_123' title='bbox 2195 2131 2465 2201; x_wconf 91' lang='lat' dir='ltr'><strong>duceret</strong></span> <span class='ocrx_word' id='word_1_124' title='bbox 2481 2186 2500 2220; x_wconf 91' lang='lat'>‚</span> <span class='ocrx_word' id='word_1_125' title='bbox 2525 2132 2608 2201; x_wconf 92' lang='lat' dir='ltr'><strong>de</strong></span> <span class='ocrx_word' id='word_1_126' title='bbox 2630 2149 2869 2227; x_wconf 84' lang='lat' dir='ltr'><strong>quarta</strong></span> 
     </span>
     <span class='ocr_line' id='line_1_17' title="bbox 743 2237 2870 2332; baseline 0.002 -28"><span class='ocrx_word' id='word_1_127' title='bbox 743 2237 964 2331; x_wconf 81' lang='lat' dir='ltr'><strong>vigilia</strong></span> <span class='ocrx_word' id='word_1_128' title='bbox 984 2293 1002 2326; x_wconf 88' lang='lat'>‚</span> <span class='ocrx_word' id='word_1_129' title='bbox 1026 2252 1103 2306; x_wconf 88' lang='lat' dir='ltr'><strong>ut</strong></span> <span class='ocrx_word' id='word_1_130' title='bbox 1139 2238 1426 2325; x_wconf 84' lang='lat' dir='ltr'><strong>dixerat,</strong></span> <span class='ocrx_word' id='word_1_131' title='bbox 1458 2237 1795 2332; x_wconf 87' lang='lat' dir='ltr'><strong>profectus</strong></span> <span class='ocrx_word' id='word_1_132' title='bbox 1837 2251 1954 2305; x_wconf 90' lang='lat' dir='ltr'><strong>est.</strong></span> <span class='ocrx_word' id='word_1_133' title='bbox 1999 2238 2293 2331; x_wconf 90' lang='lat' dir='ltr'><strong>Septimo</strong></span> <span class='ocrx_word' id='word_1_134' title='bbox 2321 2237 2463 2325; x_wconf 81' lang='lat' dir='ltr'><strong>die,</strong></span> <span class='ocrx_word' id='word_1_135' title='bbox 2497 2263 2702 2332; x_wconf 89' lang='lat' dir='ltr'><strong>quum</strong></span> <span class='ocrx_word' id='word_1_136' title='bbox 2743 2242 2870 2310; x_wconf 88' lang='lat' dir='ltr'><strong>iter</strong></span> 
     </span>
     <span class='ocr_line' id='line_1_18' title="bbox 744 2340 2865 2435; baseline 0.002 -24"><span class='ocrx_word' id='word_1_137' title='bbox 744 2368 881 2412; x_wconf 90' lang='lat' dir='ltr'><strong>non</strong></span> <span class='ocrx_word' id='word_1_138' title='bbox 924 2345 1382 2413; x_wconf 87' lang='lat' dir='ltr'><strong>intermitteret</strong></span> <span class='ocrx_word' id='word_1_139' title='bbox 1400 2396 1419 2430; x_wconf 86' lang='lat'>‚</span> <span class='ocrx_word' id='word_1_140' title='bbox 1449 2342 1533 2410; x_wconf 84' lang='lat' dir='ltr'><strong>ab</strong></span> <span class='ocrx_word' id='word_1_141' title='bbox 1576 2340 2098 2435; x_wconf 81' lang='lat' dir='ltr'><strong>exploratoribus</strong></span> <span class='ocrx_word' id='word_1_142' title='bbox 2159 2345 2401 2411; x_wconf 86' lang='lat' dir='ltr'><strong>certior</strong></span> <span class='ocrx_word' id='word_1_143' title='bbox 2458 2343 2669 2414; x_wconf 85' lang='lat' dir='ltr'><strong>factus</strong></span> <span class='ocrx_word' id='word_1_144' title='bbox 2728 2362 2865 2435; x_wconf 57' lang='grc' dir='ltr'><strong>ωε,</strong></span> 
     </span>
     <span class='ocr_line' id='line_1_19' title="bbox 742 2447 2863 2544; baseline 0.001 -26"><span class='ocrx_word' id='word_1_145' title='bbox 742 2452 1052 2520; x_wconf 87' lang='lat' dir='ltr'><strong>Ariovisti</strong></span> <span class='ocrx_word' id='word_1_146' title='bbox 1094 2452 1315 2544; x_wconf 90' lang='lat' dir='ltr'><strong>copias</strong></span> <span class='ocrx_word' id='word_1_147' title='bbox 1345 2472 1384 2516; x_wconf 94' lang='lat' dir='ltr'><strong>a</strong></span> <span class='ocrx_word' id='word_1_148' title='bbox 1415 2450 1655 2516; x_wconf 89' lang='lat' dir='ltr'><strong>nostris</strong></span> <span class='ocrx_word' id='word_1_149' title='bbox 1683 2447 1968 2517; x_wconf 88' lang='lat' dir='ltr'><strong>millibus</strong></span> <span class='ocrx_word' id='word_1_150' title='bbox 2009 2472 2319 2543; x_wconf 89' lang='lat' dir='ltr'><strong>passuum</strong></span> <span class='ocrx_word' id='word_1_151' title='bbox 2355 2463 2637 2544; x_wconf 85' lang='lat' dir='ltr'><strong>quatuor</strong></span> <span class='ocrx_word' id='word_1_152' title='bbox 2665 2466 2734 2519; x_wconf 89' lang='lat' dir='ltr'><strong>et</strong></span> <span class='ocrx_word' id='word_1_153' title='bbox 2766 2455 2863 2521; x_wconf 79' lang='lat' dir='ltr'><strong>vi-</strong></span> 
     </span>
     <span class='ocr_line' id='line_1_20' title="bbox 744 2544 2820 2650; baseline 0.001 -27"><span class='ocrx_word' id='word_1_154' title='bbox 744 2559 905 2650; x_wconf 81' lang='lat' dir='ltr'><strong>ginti</strong></span> <span class='ocrx_word' id='word_1_155' title='bbox 924 2544 949 2586; x_wconf 73' lang='lat'><strong>‘¹</strong></span> <span class='ocrx_word' id='word_1_156' title='bbox 974 2557 1216 2625; x_wconf 88' lang='lat' dir='ltr'><strong>abesse.</strong></span> <span class='ocrx_word' id='word_1_157' title='bbox 2813 2547 2820 2552; x_wconf 41' lang='lat'>⁸</span> 
     </span>
     <span class='ocr_line' id='line_1_21' title="bbox 630 2661 2868 2759; baseline 0.001 -27"><span class='ocrx_word' id='word_1_158' title='bbox 630 2745 635 2758; x_wconf 87' lang='lat'><strong>.</strong></span> <span class='ocrx_word' id='word_1_159' title='bbox 849 2665 1058 2732; x_wconf 89' lang='lat' dir='ltr'><strong>XLII.</strong></span> <span class='ocrx_word' id='word_1_160' title='bbox 1106 2662 1392 2755; x_wconf 86' lang='lat' dir='ltr'><strong>Cognito</strong></span> <span class='ocrx_word' id='word_1_161' title='bbox 1426 2662 1701 2731; x_wconf 83' lang='lat' dir='ltr'><strong>Caesaris</strong></span> <span class='ocrx_word' id='word_1_162' title='bbox 1729 2661 2014 2731; x_wconf 89' lang='lat' dir='ltr'><strong>adventu</strong></span> <span class='ocrx_word' id='word_1_163' title='bbox 2036 2716 2055 2750; x_wconf 91' lang='lat'>‚</span> <span class='ocrx_word' id='word_1_164' title='bbox 2090 2663 2453 2732; x_wconf 81' lang='lat' dir='ltr'><strong>Ariovistus</strong></span> <span class='ocrx_word' id='word_1_165' title='bbox 2494 2662 2742 2759; x_wconf 87' lang='lat' dir='ltr'><strong>legatos</strong></span> <span class='ocrx_word' id='word_1_166' title='bbox 2778 2665 2868 2734; x_wconf 91' lang='lat' dir='ltr'><strong>ad</strong></span> 
     </span>
    </p>

    <p class='ocr_par' dir='ltr' id='par_1_4' title="bbox 737 2767 2864 3499">
     <span class='ocr_line' id='line_1_22' title="bbox 742 2767 2864 2866; baseline 0.002 -31"><span class='ocrx_word' id='word_1_167' title='bbox 742 2792 893 2835; x_wconf 88' lang='lat' dir='ltr'><strong>eum</strong></span> <span class='ocrx_word' id='word_1_168' title='bbox 938 2769 1176 2836; x_wconf 87' lang='lat' dir='ltr'><strong>mittit:</strong></span> <span class='ocrx_word' id='word_1_169' title='bbox 1216 2767 1415 2861; x_wconf 36' lang='lat' dir='ltr'><strong>quod·</strong></span> <span class='ocrx_word' id='word_1_170' title='bbox 1437 2782 1630 2836; x_wconf 89' lang='lat' dir='ltr'><strong>antea</strong></span> <span class='ocrx_word' id='word_1_171' title='bbox 1672 2768 1754 2837; x_wconf 93' lang='lat' dir='ltr'><strong>de</strong></span> <span class='ocrx_word' id='word_1_172' title='bbox 1796 2767 2122 2862; x_wconf 87' lang='lat' dir='ltr'><strong>colloquio</strong></span> <span class='ocrx_word' id='word_1_173' title='bbox 2172 2768 2604 2864; x_wconf 88' lang='lat' dir='ltr'><strong>postulasset,</strong></span> <span class='ocrx_word' id='word_1_174' title='bbox 2633 2771 2700 2838; x_wconf 91' lang='lat' dir='ltr'><strong>id</strong></span> <span class='ocrx_word' id='word_1_175' title='bbox 2737 2796 2864 2866; x_wconf 89' lang='lat' dir='ltr'><strong>per</strong></span> 
     </span>
     <span class='ocr_line' id='line_1_23' title="bbox 743 2872 2863 2970; baseline 0.002 -28"><span class='ocrx_word' id='word_1_176' title='bbox 743 2897 812 2942; x_wconf 85' lang='grc'><strong>56</strong></span> <span class='ocrx_word' id='word_1_177' title='bbox 854 2873 994 2941; x_wconf 87' lang='lat' dir='ltr'><strong>fieri</strong></span> <span class='ocrx_word' id='word_1_178' title='bbox 1031 2872 1224 2970; x_wconf 82' lang='lat' dir='ltr'><strong>licere</strong></span> <span class='ocrx_word' id='word_1_179' title='bbox 1241 2926 1260 2960; x_wconf 88' lang='lat'>‚</span> <span class='ocrx_word' id='word_1_180' title='bbox 1283 2875 1591 2967; x_wconf 90' lang='lat' dir='ltr'><strong>quoniam</strong></span> <span class='ocrx_word' id='word_1_181' title='bbox 1636 2876 1906 2969; x_wconf 90' lang='lat' dir='ltr'><strong>propius</strong></span> <span class='ocrx_word' id='word_1_182' title='bbox 1935 2875 2311 2945; x_wconf 90' lang='lat' dir='ltr'><strong>accessisset</strong></span> <span class='ocrx_word' id='word_1_183' title='bbox 2339 2901 2359 2962; x_wconf 88' lang='lat'>;</span> <span class='ocrx_word' id='word_1_184' title='bbox 2393 2900 2589 2970; x_wconf 86' lang='lat' dir='ltr'><strong>seque</strong></span> <span class='ocrx_word' id='word_1_185' title='bbox 2619 2876 2687 2946; x_wconf 92' lang='lat' dir='ltr'><strong>id</strong></span> <span class='ocrx_word' id='word_1_186' title='bbox 2721 2879 2863 2946; x_wconf 87' lang='lat' dir='ltr'><strong>sine</strong></span> 
     </span>
     <span class='ocr_line' id='line_1_24' title="bbox 742 2978 2861 3075; baseline 0.002 -28"><span class='ocrx_word' id='word_1_187' title='bbox 742 2979 1035 3074; x_wconf 87' lang='lat' dir='ltr'><strong>periculo</strong></span> <span class='ocrx_word' id='word_1_188' title='bbox 1080 2979 1294 3048; x_wconf 86' lang='lat' dir='ltr'><strong>facere</strong></span> <span class='ocrx_word' id='word_1_189' title='bbox 1337 3004 1529 3074; x_wconf 89' lang='lat' dir='ltr'><strong>posse</strong></span> <span class='ocrx_word' id='word_1_190' title='bbox 1572 2981 1939 3049; x_wconf 88' lang='lat' dir='ltr'><strong>existimare</strong></span> <span class='ocrx_word' id='word_1_191' title='bbox 1969 2978 2009 3047; x_wconf 83' lang='lat'><strong>¹.</strong></span> <span class='ocrx_word' id='word_1_192' title='bbox 2051 2983 2206 3050; x_wconf 90' lang='lat' dir='ltr'><strong>Non</strong></span> <span class='ocrx_word' id='word_1_193' title='bbox 2251 2983 2498 3075; x_wconf 89' lang='lat' dir='ltr'><strong>respuit</strong></span> <span class='ocrx_word' id='word_1_194' title='bbox 2538 2981 2861 3051; x_wconf 88' lang='lat' dir='ltr'><strong>conditio·</strong></span> 
     </span>
     <span class='ocr_line' id='line_1_25' title="bbox 740 3085 2862 3180; baseline 0.001 -26"><span class='ocrx_word' id='word_1_195' title='bbox 740 3111 894 3154; x_wconf 89' lang='lat' dir='ltr'><strong>nem</strong></span> <span class='ocrx_word' id='word_1_196' title='bbox 937 3089 1157 3155; x_wconf 81' lang='lat' dir='ltr'><strong>Caesar</strong></span> <span class='ocrx_word' id='word_1_197' title='bbox 1187 3112 1201 3154; x_wconf 91' lang='lat'><strong>:</strong></span> <span class='ocrx_word' id='word_1_198' title='bbox 1229 3085 1497 3180; x_wconf 84' lang='lat' dir='ltr'><strong>jamque</strong></span> <span class='ocrx_word' id='word_1_199' title='bbox 1531 3111 1683 3154; x_wconf 88' lang='lat' dir='ltr'><strong>eum</strong></span> <span class='ocrx_word' id='word_1_200' title='bbox 1725 3085 1808 3154; x_wconf 91' lang='lat' dir='ltr'><strong>ad</strong></span> <span class='ocrx_word' id='word_1_201' title='bbox 1853 3087 2194 3170; x_wconf 80' lang='lat' dir='ltr'><strong>sanitatem</strong></span> <span class='ocrx_word' id='word_1_202' title='bbox 2230 3089 2469 3156; x_wconf 89' lang='lat' dir='ltr'><strong>reverti</strong></span> <span class='ocrx_word' id='word_1_203' title='bbox 2499 3087 2862 3157; x_wconf 85' lang='lat' dir='ltr'><strong>arbitraba-</strong></span> 
     </span>
     <span class='ocr_line' id='line_1_26' title="bbox 741 3191 2861 3288; baseline 0.001 -28"><span class='ocrx_word' id='word_1_204' title='bbox 741 3207 872 3279; x_wconf 87' lang='lat' dir='ltr'><strong>tur,</strong></span> <span class='ocrx_word' id='word_1_205' title='bbox 902 3215 1109 3285; x_wconf 88' lang='lat' dir='ltr'><strong>quum</strong></span> <span class='ocrx_word' id='word_1_206' title='bbox 1138 3191 1205 3259; x_wconf 86' lang='lat' dir='ltr'><strong>id</strong></span> <span class='ocrx_word' id='word_1_207' title='bbox 1220 3246 1240 3279; x_wconf 83' lang='lat'>,</span> <span class='ocrx_word' id='word_1_208' title='bbox 1274 3192 1451 3285; x_wconf 89' lang='lat' dir='ltr'><strong>quod</strong></span> <span class='ocrx_word' id='word_1_209' title='bbox 1493 3207 1686 3260; x_wconf 90' lang='lat' dir='ltr'><strong>antea</strong></span> <span class='ocrx_word' id='word_1_210' title='bbox 1729 3193 1976 3286; x_wconf 90' lang='lat' dir='ltr'><strong>petenti</strong></span> <span class='ocrx_word' id='word_1_211' title='bbox 2012 3192 2396 3286; x_wconf 87' lang='lat' dir='ltr'><strong>denegasset</strong></span> <span class='ocrx_word' id='word_1_212' title='bbox 2414 3246 2433 3280; x_wconf 91' lang='lat'>‚</span> <span class='ocrx_word' id='word_1_213' title='bbox 2458 3191 2633 3262; x_wconf 90' lang='lat' dir='ltr'><strong>ultro</strong></span> <span class='ocrx_word' id='word_1_214' title='bbox 2669 3193 2861 3288; x_wconf 90' lang='lat' dir='ltr'><strong>polli-</strong></span> 
     </span>
     <span class='ocr_line' id='line_1_27' title="bbox 740 3298 2864 3392; baseline 0.001 -26"><span class='ocrx_word' id='word_1_215' title='bbox 740 3313 1033 3384; x_wconf 81' lang='lat' dir='ltr'><strong>ceretur3</strong></span> <span class='ocrx_word' id='word_1_216' title='bbox 1063 3320 1497 3390; x_wconf 87' lang='lat' dir='ltr'><strong>magnamque</strong></span> <span class='ocrx_word' id='word_1_217' title='bbox 1538 3299 1625 3380; x_wconf 27' lang='lat' dir='ltr'><strong>&#39;in</strong></span> <span class='ocrx_word' id='word_1_218' title='bbox 1684 3321 1867 3391; x_wconf 90' lang='lat' dir='ltr'><strong>spem</strong></span> <span class='ocrx_word' id='word_1_219' title='bbox 1925 3298 2266 3386; x_wconf 83' lang='lat' dir='ltr'><strong>veniebat,</strong></span> <span class='ocrx_word' id='word_1_220' title='bbox 2300 3323 2423 3392; x_wconf 93' lang='lat' dir='ltr'><strong>pro</strong></span> <span class='ocrx_word' id='word_1_221' title='bbox 2475 3301 2606 3367; x_wconf 91' lang='lat' dir='ltr'><strong>suis</strong></span> <span class='ocrx_word' id='word_1_222' title='bbox 2660 3302 2864 3369; x_wconf 74' lang='lat' dir='ltr'><strong>tantis</strong></span> 
     </span>
     <span class='ocr_line' id='line_1_28' title="bbox 737 3401 2861 3499; baseline 0.001 -27"><span class='ocrx_word' id='word_1_223' title='bbox 737 3401 1096 3497; x_wconf 88' lang='lat' dir='ltr'><strong>populique</strong></span> <span class='ocrx_word' id='word_1_224' title='bbox 1138 3405 1393 3470; x_wconf 90' lang='lat' dir='ltr'><strong>romani</strong></span> <span class='ocrx_word' id='word_1_225' title='bbox 1431 3404 1501 3469; x_wconf 91' lang='lat' dir='ltr'><strong>in</strong></span> <span class='ocrx_word' id='word_1_226' title='bbox 1543 3427 1695 3470; x_wconf 90' lang='lat' dir='ltr'><strong>eum</strong></span> <span class='ocrx_word' id='word_1_227' title='bbox 1736 3402 2066 3472; x_wconf 87' lang='lat' dir='ltr'><strong>beneficiis</strong></span> <span class='ocrx_word' id='word_1_228' title='bbox 2085 3457 2104 3492; x_wconf 86' lang='lat'><strong>,</strong></span> <span class='ocrx_word' id='word_1_229' title='bbox 2132 3405 2409 3497; x_wconf 87' lang='lat' dir='ltr'><strong>cognitis</strong></span> <span class='ocrx_word' id='word_1_230' title='bbox 2454 3406 2586 3473; x_wconf 89' lang='lat' dir='ltr'><strong>suis</strong></span> <span class='ocrx_word' id='word_1_231' title='bbox 2628 3419 2861 3499; x_wconf 88' lang='lat' dir='ltr'><strong>postu-</strong></span> 
     </span>
    </p>
   </div>
   <div class='ocr_carea' id='block_1_3' title="bbox 735 3601 2866 4308">
    <p class='ocr_par' dir='ltr' id='par_1_5' title="bbox 735 3601 2866 4308">
     <span class='ocr_line' id='line_1_29' title="bbox 741 3601 2858 3676; baseline 0 -20"><span class='ocrx_word' id='word_1_232' title='bbox 741 3629 747 3636; x_wconf 94' lang='lat'><strong>·</strong></span> <span class='ocrx_word' id='word_1_233' title='bbox 820 3605 948 3657; x_wconf 71' lang='lat' dir='ltr'><strong>Cu’.</strong></span> <span class='ocrx_word' id='word_1_234' title='bbox 983 3602 1124 3654; x_wconf 85' lang='lat' dir='ltr'><strong>XLI.</strong></span> <span class='ocrx_word' id='word_1_235' title='bbox 1159 3619 1206 3653; x_wconf 87' lang='lat'><strong>1.</strong></span> <span class='ocrx_word' id='word_1_236' title='bbox 1239 3602 1316 3653; x_wconf 80' lang='lat' dir='ltr'><strong>Et</strong></span> <span class='ocrx_word' id='word_1_237' title='bbox 1333 3605 1594 3672; x_wconf 66' lang='lat' dir='ltr'><strong>primorum</strong></span> <span class='ocrx_word' id='word_1_238' title='bbox 1622 3601 1755 3652; x_wconf 77' lang='lat' dir='ltr'><strong>ordi-</strong></span> <span class='ocrx_word' id='word_1_239' title='bbox 1845 3647 1848 3652; x_wconf 94' lang='lat'><strong>.</strong></span> <span class='ocrx_word' id='word_1_240' title='bbox 1914 3602 1968 3653; x_wconf 88' lang='lat'><strong>3.</strong></span> <span class='ocrx_word' id='word_1_241' title='bbox 1995 3602 2373 3674; x_wconf 66' lang='lat' dir='ltr'><strong>Quinquaginta.</strong></span> <span class='ocrx_word' id='word_1_242' title='bbox 2391 3603 2474 3656; x_wconf 73' lang='lat' dir='ltr'><strong>Al.</strong></span> <span class='ocrx_word' id='word_1_243' title='bbox 2492 3601 2858 3676; x_wconf 70' lang='lat' dir='ltr'><strong>quadraginta.</strong></span> 
     </span>
     <span class='ocr_line' id='line_1_30' title="bbox 739 3679 2859 3751; baseline 0 -14"><span class='ocrx_word' id='word_1_244' title='bbox 739 3703 849 3736; x_wconf 76' lang='lat' dir='ltr'><strong>mern</strong></span> <span class='ocrx_word' id='word_1_245' title='bbox 883 3683 1205 3736; x_wconf 78' lang='lat' dir='ltr'><strong>Centuriones.</strong></span> <span class='ocrx_word' id='word_1_246' title='bbox 1238 3680 1309 3731; x_wconf 82' lang='lat' dir='ltr'><strong>Hi</strong></span> <span class='ocrx_word' id='word_1_247' title='bbox 1353 3692 1477 3732; x_wconf 82' lang='lat' dir='ltr'><strong>sunt</strong></span> <span class='ocrx_word' id='word_1_248' title='bbox 1516 3680 1756 3732; x_wconf 84' lang='lat' dir='ltr'><strong>centurio</strong></span> <span class='ocrx_word' id='word_1_249' title='bbox 1837 3680 2067 3751; x_wconf 83' lang='lat' dir='ltr'><strong>Interpr.</strong></span> <span class='ocrx_word' id='word_1_250' title='bbox 2092 3700 2241 3751; x_wconf 60' lang='grc' dir='ltr'><strong>επακ).</strong></span> <span class='ocrx_word' id='word_1_251' title='bbox 2263 3682 2330 3734; x_wconf 78' lang='grc' dir='ltr'><strong>τὰ</strong></span> <span class='ocrx_word' id='word_1_252' title='bbox 2355 3683 2489 3750; x_wconf 80' lang='grc' dir='ltr'><strong>χίλια.</strong></span> <span class='ocrx_word' id='word_1_253' title='bbox 2512 3679 2749 3737; x_wconf 69' lang='grc' dir='ltr'><strong>διακόσια</strong></span> <span class='ocrx_word' id='word_1_254' title='bbox 2771 3685 2859 3738; x_wconf 73' lang='grc' dir='ltr'><strong>καὶ</strong></span> 
     </span>
     <span class='ocr_line' id='line_1_31' title="bbox 735 3758 2826 3835; baseline 0.002 -21"><span class='ocrx_word' id='word_1_255' title='bbox 735 3763 988 3835; x_wconf 85' lang='lat' dir='ltr'><strong>primipili</strong></span> <span class='ocrx_word' id='word_1_256' title='bbox 1004 3800 1021 3828; x_wconf 86' lang='lat'>‚</span> <span class='ocrx_word' id='word_1_257' title='bbox 1040 3762 1244 3833; x_wconf 79' lang='lat' dir='ltr'><strong>primus</strong></span> <span class='ocrx_word' id='word_1_258' title='bbox 1284 3760 1588 3832; x_wconf 81' lang='lat' dir='ltr'><strong>principum</strong></span> <span class='ocrx_word' id='word_1_259' title='bbox 1632 3777 1754 3811; x_wconf 85' lang='lat' dir='ltr'><strong>cen-</strong></span> <span class='ocrx_word' id='word_1_260' title='bbox 1838 3760 2145 3816; x_wconf 69' lang='grc' dir='ltr'><strong>πιντῆκοντα.</strong></span> <span class='ocrx_word' id='word_1_261' title='bbox 2169 3758 2477 3821; x_wconf 59' lang='grc' dir='ltr'><strong>ςάδιινίἀ.</strong></span> <span class='ocrx_word' id='word_1_262' title='bbox 2502 3762 2626 3815; x_wconf 80' lang='lat' dir='ltr'><strong>infr.</strong></span> <span class='ocrx_word' id='word_1_263' title='bbox 2651 3781 2698 3816; x_wconf 91' lang='lat' dir='ltr'><strong>c.</strong></span> <span class='ocrx_word' id='word_1_264' title='bbox 2731 3766 2826 3818; x_wconf 85' lang='lat'><strong>53.</strong></span> 
     </span>
     <span class='ocr_line' id='line_1_32' title="bbox 736 3838 2866 3914; baseline -0.001 -19"><span class='ocrx_word' id='word_1_265' title='bbox 736 3842 906 3908; x_wconf 85' lang='lat' dir='ltr'><strong>turio,</strong></span> <span class='ocrx_word' id='word_1_266' title='bbox 931 3842 1134 3914; x_wconf 80' lang='lat' dir='ltr'><strong>primus</strong></span> <span class='ocrx_word' id='word_1_267' title='bbox 1158 3840 1498 3893; x_wconf 75' lang='lat' dir='ltr'><strong>hastatorum.</strong></span> <span class='ocrx_word' id='word_1_268' title='bbox 1530 3839 1673 3891; x_wconf 84' lang='lat' dir='ltr'><strong>Gon.</strong></span> <span class='ocrx_word' id='word_1_269' title='bbox 1879 3863 1887 3889; x_wconf 76' lang='grc' dir='ltr'>ι</span> <span class='ocrx_word' id='word_1_270' title='bbox 1918 3845 1971 3902; x_wconf 76' lang='grc'><strong>4.</strong></span> <span class='ocrx_word' id='word_1_271' title='bbox 2013 3838 2230 3894; x_wconf 66' lang='lat' dir='ltr'><strong>Mamas</strong></span> <span class='ocrx_word' id='word_1_272' title='bbox 2273 3860 2500 3912; x_wconf 72' lang='lat' dir='ltr'><strong>passuum</strong></span> <span class='ocrx_word' id='word_1_273' title='bbox 2551 3854 2758 3914; x_wconf 64' lang='lat' dir='ltr'><strong>quatuor</strong></span> <span class='ocrx_word' id='word_1_274' title='bbox 2809 3855 2866 3894; x_wconf 77' lang='lat' dir='ltr'><strong>et</strong></span> 
     </span>
     <span class='ocr_line' id='line_1_33' title="bbox 842 3917 2691 3991; baseline 0.001 -17"><span class='ocrx_word' id='word_1_275' title='bbox 842 3941 892 3974; x_wconf 79' lang='lat'><strong>2.</strong></span> <span class='ocrx_word' id='word_1_276' title='bbox 938 3924 1025 3973; x_wconf 69' lang='lat' dir='ltr'><strong>Ea.-</strong></span> <span class='ocrx_word' id='word_1_277' title='bbox 1072 3921 1247 3976; x_wconf 75' lang='lat' dir='ltr'><strong>Gallis.</strong></span> <span class='ocrx_word' id='word_1_278' title='bbox 1295 3917 1467 3972; x_wconf 87' lang='lat' dir='ltr'><strong>codd.</strong></span> <span class='ocrx_word' id='word_1_279' title='bbox 1515 3918 1754 3990; x_wconf 79' lang='lat' dir='ltr'><strong>plerique</strong></span> <span class='ocrx_word' id='word_1_280' title='bbox 1839 3922 2030 3988; x_wconf 70' lang='lat' dir='ltr'><strong>viginti.</strong></span> <span class='ocrx_word' id='word_1_281' title='bbox 2062 3932 2260 3991; x_wconf 75' lang='lat' dir='ltr'><strong>septem</strong></span> <span class='ocrx_word' id='word_1_282' title='bbox 2282 3920 2443 3973; x_wconf 78' lang='lat' dir='ltr'><strong>leucis</strong></span> <span class='ocrx_word' id='word_1_283' title='bbox 2465 3921 2691 3975; x_wconf 83' lang='lat' dir='ltr'><strong>circiter.</strong></span> 
     </span>
     <span class='ocr_line' id='line_1_34' title="bbox 735 3998 2862 4063; baseline 0.001 -10"><span class='ocrx_word' id='word_1_284' title='bbox 735 4001 934 4054; x_wconf 84' lang='lat' dir='ltr'><strong>habent</strong></span> <span class='ocrx_word' id='word_1_285' title='bbox 953 4020 1015 4054; x_wconf 86' lang='lat' dir='ltr'><strong>ex</strong></span> <span class='ocrx_word' id='word_1_286' title='bbox 1043 4002 1153 4053; x_wconf 74' lang='lat' dir='ltr'><strong>aliis</strong></span> <span class='ocrx_word' id='word_1_287' title='bbox 1177 3999 1355 4054; x_wconf 79' lang='lat' dir='ltr'><strong>Gallis.</strong></span> <span class='ocrx_word' id='word_1_288' title='bbox 1375 3998 1751 4063; x_wconf 72' lang='lat' dir='ltr'><strong>Innonnullis,</strong></span> <span class='ocrx_word' id='word_1_289' title='bbox 1916 3999 2044 4051; x_wconf 68' lang='lat' dir='ltr'><strong>Cu».</strong></span> <span class='ocrx_word' id='word_1_290' title='bbox 2079 4000 2250 4052; x_wconf 82' lang='lat' dir='ltr'><strong>XLII.</strong></span> <span class='ocrx_word' id='word_1_291' title='bbox 2290 4017 2338 4052; x_wconf 84' lang='lat'><strong>1.</strong></span> <span class='ocrx_word' id='word_1_292' title='bbox 2379 4001 2690 4054; x_wconf 67' lang='lat' dir='ltr'><strong>Existimaoe.</strong></span> <span class='ocrx_word' id='word_1_293' title='bbox 2729 4001 2862 4055; x_wconf 79' lang='lat' dir='ltr'><strong>Non</strong></span> 
     </span>
     <span class='ocr_line' id='line_1_35' title="bbox 736 4071 2859 4152; baseline 0 -20"><span class='ocrx_word' id='word_1_294' title='bbox 736 4078 836 4141; x_wconf 85' lang='lat' dir='ltr'><strong>(ut</strong></span> <span class='ocrx_word' id='word_1_295' title='bbox 862 4082 917 4132; x_wconf 87' lang='lat' dir='ltr'><strong>in</strong></span> <span class='ocrx_word' id='word_1_296' title='bbox 949 4081 1141 4133; x_wconf 82' lang='lat' dir='ltr'><strong>nostris</strong></span> <span class='ocrx_word' id='word_1_297' title='bbox 1166 4071 1361 4147; x_wconf 83' lang='lat' dir='ltr'><strong>codd.)</strong></span> <span class='ocrx_word' id='word_1_298' title='bbox 1393 4078 1541 4132; x_wconf 81' lang='lat' dir='ltr'><strong>deest</strong></span> <span class='ocrx_word' id='word_1_299' title='bbox 1572 4077 1748 4133; x_wconf 78' lang='lat' dir='ltr'><strong>Gallis.</strong></span> <span class='ocrx_word' id='word_1_300' title='bbox 1834 4077 2165 4131; x_wconf 72' lang='lat' dir='ltr'><strong>Existimat-et.</strong></span> <span class='ocrx_word' id='word_1_301' title='bbox 2189 4079 2351 4132; x_wconf 80' lang='lat' dir='ltr'><strong>Paulo</strong></span> <span class='ocrx_word' id='word_1_302' title='bbox 2378 4089 2497 4132; x_wconf 72' lang='lat' dir='ltr'><strong>ante</strong></span> <span class='ocrx_word' id='word_1_303' title='bbox 2516 4081 2655 4132; x_wconf 73' lang='lat' dir='ltr'><strong>licere</strong></span> <span class='ocrx_word' id='word_1_304' title='bbox 2673 4099 2773 4152; x_wconf 87' lang='lat' dir='ltr'><strong>pro</strong></span> <span class='ocrx_word' id='word_1_305' title='bbox 2793 4083 2859 4133; x_wconf 74' lang='lat' dir='ltr'><strong>ta·-</strong></span> 
     </span>
     <span class='ocr_line' id='line_1_36' title="bbox 736 4156 2858 4232; baseline 0.001 -21"><span class='ocrx_word' id='word_1_306' title='bbox 736 4160 910 4211; x_wconf 74' lang='lat' dir='ltr'><strong>Davis.</strong></span> <span class='ocrx_word' id='word_1_307' title='bbox 928 4172 1078 4231; x_wconf 75' lang='lat' dir='ltr'><strong>putat</strong></span> <span class='ocrx_word' id='word_1_308' title='bbox 1089 4158 1369 4232; x_wconf 79' lang='lat' dir='ltr'><strong>legendum</strong></span> <span class='ocrx_word' id='word_1_309' title='bbox 1387 4158 1563 4221; x_wconf 78' lang='lat' dir='ltr'><strong>Gallis,</strong></span> <span class='ocrx_word' id='word_1_310' title='bbox 1578 4156 1751 4210; x_wconf 75' lang='lat' dir='ltr'><strong>deleto</strong></span> <span class='ocrx_word' id='word_1_311' title='bbox 1835 4170 1971 4211; x_wconf 70' lang='lat' dir='ltr'><strong>cent.</strong></span> <span class='ocrx_word' id='word_1_312' title='bbox 1996 4158 2077 4211; x_wconf 83' lang='lat' dir='ltr'><strong>Ita</strong></span> <span class='ocrx_word' id='word_1_313' title='bbox 2101 4176 2310 4230; x_wconf 84' lang='lat' dir='ltr'><strong>quoque</strong></span> <span class='ocrx_word' id='word_1_314' title='bbox 2334 4157 2580 4212; x_wconf 82' lang='lat' dir='ltr'><strong>Oudend.</strong></span> <span class='ocrx_word' id='word_1_315' title='bbox 2613 4172 2667 4213; x_wconf 79' lang='lat' dir='ltr'><strong>et</strong></span> <span class='ocrx_word' id='word_1_316' title='bbox 2694 4158 2858 4213; x_wconf 87' lang='lat' dir='ltr'><strong>codd.</strong></span> 
     </span>
     <span class='ocr_line' id='line_1_37' title="bbox 735 4236 2813 4308; baseline 0.002 -20"><span class='ocrx_word' id='word_1_317' title='bbox 735 4238 860 4289; x_wconf 61' lang='lat' dir='ltr'><strong>aliis.</strong></span> <span class='ocrx_word' id='word_1_318' title='bbox 884 4238 1170 4291; x_wconf 77' lang='lat' dir='ltr'><strong>Hanclect.</strong></span> <span class='ocrx_word' id='word_1_319' title='bbox 1194 4239 1357 4292; x_wconf 74' lang='lat' dir='ltr'><strong>secuti</strong></span> <span class='ocrx_word' id='word_1_320' title='bbox 1373 4256 1566 4290; x_wconf 71' lang='lat' dir='ltr'><strong>snmus.</strong></span> <span class='ocrx_word' id='word_1_321' title='bbox 1587 4236 1688 4289; x_wconf 72' lang='lat' dir='ltr'><strong>On.</strong></span> <span class='ocrx_word' id='word_1_322' title='bbox 1832 4238 2101 4308; x_wconf 82' lang='lat' dir='ltr'><strong>permulti.</strong></span> <span class='ocrx_word' id='word_1_323' title='bbox 2131 4237 2235 4291; x_wconf 71' lang='lat' dir='ltr'><strong>OB.</strong></span> <span class='ocrx_word' id='word_1_324' title='bbox 2259 4238 2442 4291; x_wconf 74' lang='lat' dir='ltr'><strong>Nostri</strong></span> <span class='ocrx_word' id='word_1_325' title='bbox 2465 4236 2623 4292; x_wconf 81' lang='lat' dir='ltr'><strong>codd.</strong></span> <span class='ocrx_word' id='word_1_326' title='bbox 2657 4239 2813 4293; x_wconf 61' lang='lat' dir='ltr'><strong>leben.</strong></span> 
     </span>
    </p>
   </div>
   <div class='ocr_carea' id='block_1_4' title="bbox 3107 786 3111 1889">
    <p class='ocr_par' dir='ltr' id='par_1_6' title="bbox 3107 786 3111 1889">
     <span class='ocr_line' id='line_1_38' title="bbox 3107 786 3111 1889; baseline 0 0"><span class='ocrx_word' id='word_1_327' title='bbox 3107 786 3111 1889; x_wconf 95' lang='lat' dir='ltr'><strong> </strong></span> 
     </span>
    </p>
   </div>
  </div>
 </body>
</html>
