3111 5147
775 559 870 631 50
1057 560 1131 627 c
1187 557 1469 625 JUL11
1525 514 1989 624 cAEsARI's
2043 553 2589 625 COMMENT.

767 707 962 786 atque
1002 691 1304 784 oequitate
1339 687 1790 757 conditionum
1826 700 2202 781 perspecta,
2224 708 2378 755 eum
2415 708 2628 782 neque
2668 711 2858 758 suam
2875 744 2897 778 ,

768 819 977 892 neque
1022 795 1250 892 populi
1292 796 1546 863 romani
1592 795 1869 888 gratiam
1912 791 2428 887 repudiaturum.
2460 793 2662 882 Quod
2702 797 2757 863 si
2792 794 2894 864 fu·

766 929 914 973 rore
937 917 1132 998 atque
1153 903 1438 970 amentia
1456 898 1774 995 impulsus
1799 896 2042 968 bellum
2065 897 2419 987 intulisset,
2441 899 2599 994 quid
2626 899 2899 970 tandem

764 1007 1206 1079 vererentur?
1247 1021 1362 1076 aut
1409 1030 1529 1075 cur
1572 1006 1655 1074 de
1698 1028 1818 1074 sua
1839 991 1866 1031 ⁶
1906 1006 2183 1091 virtute,
2228 1019 2343 1074 aut
2382 1005 2465 1074 de
2508 1006 2711 1099 ipsius
2752 1006 2896 1075 dili·

764 1119 984 1212 gentia
1018 1111 1482 1209 desperarent?
1507 1112 1780 1209 Factum
1821 1112 1960 1205 ejus
1991 1112 2197 1210 hostis
2227 1110 2590 1206 periculum
2628 1125 2896 1206 patrum

764 1238 1143 1292 nostrorum
1166 1220 1514 1306 memoria,
1530 1212 1771 1313 quum',
1790 1217 2075 1287 Cimbris
2098 1219 2485 1287 etTeutonis
2509 1241 2548 1286 a
2571 1220 2647 1288 C.
2674 1220 2896 1289 Mario

763 1326 1002 1423 pulsis,
1029 1351 1166 1395 non
1209 1327 1530 1395 minorem
1569 1322 1829 1392 laudem
1868 1325 2226 1411 exercituS,
2262 1344 2460 1417 quam
2492 1326 2631 1455 ipse
2672 1326 2892 1421 Impe-

764 1449 980 1521 rator,
1013 1434 1284 1501 meritus
1321 1431 1668 1500 videbatur
1695 1455 1709 1498 τ
1741 1429 2026 1499 factum⁷
2055 1431 2251 1498 etiam
2292 1453 2505 1525 nuper
2571 1432 2639 1498 in
2666 1430 2892 1519 Italia,

763 1538 981 1609 servili
1023 1537 1310 1607 tumultu
1339 1592 1358 1625 ,
1403 1562 1569 1633 quos
1623 1550 1844 1605 tamen
1889 1534 2120 1630 aliquis
2172 1560 2354 1605 usus*
2387 1560 2466 1605 ae
2513 1534 2891 1631 disciplina,

759 1670 959 1740 quam
989 1670 1028 1713 a
1063 1645 1254 1715 nobis
1290 1646 1695 1738 accepissent
1719 1696 1739 1732 ,
1773 1641 2192 1711 sublevarent
2215 1639 2260 1709 ⁹.
2299 1644 2402 1711 Ex
2444 1664 2575 1737 quo
2611 1642 2891 1736 judicari

758 1764 1017 1848 posset,
1045 1765 1365 1847 quantum
1401 1749 1676 1817 haberet
1710 1750 1779 1816 in
1821 1772 1889 1817 se
1921 1749 2078 1817 boni
2111 1749 2509 1836 constantia;
2539 1764 2892 1844 propterea

757 1858 971 1953 quod,
1001 1882 1167 1951 quos
1194 1855 1243 1881 ¹⁰
1278 1853 1654 1950 aliquandiu
1679 1854 1968 1924 inermos
2007 1852 2052 1878 ¹¹
2091 1856 2231 1923 sine
2265 1878 2464 1924 causa
2491 1855 2891 1945 timuissent,

757 1964 880 2034 hos
921 1979 1151 2058 postea
1188 1975 1474 2031 armatos
1512 1985 1590 2029 ac
1634 1960 1917 2030 victores
1953 1975 2385 2055 superassent.
2425 1962 2730 2055 Denique
2769 1961 2890 2032 hos

757 2094 899 2138 esse
926 2069 1192 2138 eosdem
1209 2067 1279 2157 ¹³,
1302 2067 1693 2163 quibuscum
1725 2091 2176 2161 saepenumero
2208 2064 2490 2137 Helvetii
2519 2070 2892 2162 congressi,

757 2201 894 2243 non
932 2173 1143 2244 solum
1176 2176 1244 2242 in
1287 2176 1418 2243 suis
1443 2226 1463 2260 ,
1497 2171 1614 2242 sed
1654 2174 1849 2242 etiam
1892 2175 1961 2241 in
1995 2170 2260 2247 illorum
2291 2173 2566 2261 finibuS,
2599 2171 2888 2268 plerum·

755 2307 884 2376 que
911 2282 1317 2375 superarint,
1345 2280 1457 2373 qui
1491 2293 1714 2348 tamen
1743 2303 1934 2374 pares
1977 2303 2117 2348 esse
2158 2293 2387 2349 nostro
2421 2281 2712 2348 exercitu
2752 2305 2890 2350 non

755 2390 1107 2484 potuerint.
1160 2388 1229 2455 Si
1272 2410 1437 2480 quos
1485 2384 1834 2454 adversum
1873 2382 2203 2481 praelium,
2239 2400 2306 2454 et
2339 2385 2497 2480 fuga
2541 2382 2889 2456 Gallorum

755 2507 1239 2580 commoveret,
1267 2492 1424 2580 hos,
1459 2492 1512 2558 si
1546 2506 1948 2586 quaererent,
1974 2493 2260 2586 reperire
2307 2515 2533 2587 posse,
2564 2490 2890 2561 diuturni-

757 2614 889 2669 tate
944 2597 1096 2667 belli
1149 2597 1516 2692 defatigatis
1573 2594 1781 2667 Gallis
1813 2653 1832 2686 ,
1887 2599 2289 2669 Ariovistum
2316 2652 2336 2688 ,
2379 2623 2582 2693 quum
2645 2598 2889 2669 multos

756 2730 1013 2774 menses
1049 2705 1279 2773 castris
1313 2728 1381 2772 se
1417 2726 1494 2772 ac
1531 2701 1879 2798 paludibus
1916 2706 2263 2794 tenuisset,
2295 2729 2507 2799 neque
2543 2706 2643 2774 sui
2679 2720 2893 2800 potes-

756 2825 958 2880 tatem
1004 2810 1297 2898 fecisset,
1344 2808 1765 2903 desperantes
1815 2811 1954 2903 jam
2014 2809 2097 2879 de
2150 2836 2373 2907 pugna
2434 2825 2502 2880 et
2559 2810 2890 2907 dispersos

757 2917 974 2987 subito
1011 2916 1317 2985 adortum
1338 2969 1358 3004 ,
1384 2941 1451 2983 m
1538 2918 1592 2984 is
1629 2918 1880 2985 ratione
1923 2931 1990 2985 et
2023 2917 2331 3007 consilio,
2363 2941 2560 3012 quam
2602 2920 2890 3008 virtute,

756 3026 1006 3093 vicisse.
1054 3024 1182 3091 Cui
1224 3023 1461 3090 rationi
1485 3020 1501 3045 ¹
1580 3036 1811 3091 contra
1845 3022 2145 3092 homines
2179 3023 2497 3093 barbaros
2530 3038 2728 3117 atque
2766 3026 2889 3094 im-

756 3133 1001 3225 peritos
1041 3127 1223 3198 locus
1259 3128 1520 3216 fixisset,
1558 3128 1685 3197 hac
1728 3153 1813 3197 ne
1851 3130 2067 3223 ipsum
2103 3128 2367 3223 quidem
2402 3153 2666 3224 sperare
2685 3183 2705 3217 ,
2735 3154 2887 3200 nos-

840 3330 893 3383 6.
937 3329 1018 3381 De
1046 3346 1151 3379 sua.
1175 3327 1255 3378 De
1276 3345 1363 3377 sua
1386 3319 1678 3389 (militum)
1695 3338 1782 3377 aue
1868 3345 2077 3398 quoque
2107 3327 2234 3381 olim
2266 3328 2431 3381 locuti
2458 3341 2581 3382 sunt
2618 3327 2738 3381 Sall.
2771 3329 2887 3383 Cic.

760 3410 819 3462 de
850 3412 993 3481 ipsius
1025 3401 1306 3467 (Caesaris)
1343 3403 1610 3473 diligentia.
1644 3403 1721 3457 Μ.
1869 3406 2019 3477 Vix-g.
2042 3405 2252 3461 AEneid.
2277 3427 2340 3474 x,
2373 3409 2506 3475 425,
2527 3406 2655 3462 ibid.
2683 3408 2816 3473 131,
2835 3421 2890 3462 et

839 3507 893 3558 7.
936 3487 1156 3539 Factum.
1188 3481 1525 3535 subauditur.
1560 3482 1628 3535 id.
1868 3484 1974 3537 alii.
2013 3485 2148 3541 cod.
2184 3499 2358 3540 tamen
2400 3500 2577 3542 noster
2618 3488 2684 3541 R.
2730 3487 2882 3558 5764

778 3557 783 3566 ’
842 3569 895 3621 8.
921 3566 1106 3635 Nuper.
1140 3562 1260 3615 Scil.
1294 3560 1361 3614 de
1394 3561 1533 3613 bello
1573 3562 1779 3628 servili,
1866 3564 2025 3617 habet
2052 3570 2261 3619 inermes.

758 3659 880 3721 post
918 3644 1245 3699 Cimbricum
1288 3639 1485 3693 bellum
1525 3640 1778 3712 loquitur.
1955 3662 2041 3697 ια.
2084 3645 2207 3698 Esse
2242 3646 2438 3701 eosdem.
2472 3645 2651 3718 Vulgo
2681 3644 2886 3699 addunt

761 3725 891 3780 Vid.
923 3725 1138 3796 epitom.
1171 3740 1240 3791 97
1275 3720 1506 3773 Liviana!
1530 3720 1779 3774 historin.
1873 3721 2155 3779 Germanos.
2187 3724 2325 3780 Edd.
2364 3744 2575 3798 quoque
2600 3738 2729 3781 vett.
2760 3726 2887 3782 Ger·

844 3827 896 3876 9.
938 3804 1262 3858 sublevarent.
1295 3800 1434 3872 Lege
1463 3800 1776 3864 sublevat-me,
1869 3821 2032 3855 manos
2058 3804 2143 3857 hos
2172 3826 2269 3858 esse
2298 3805 2494 3858 eosdem.
2531 3805 2632 3859 On.

760 3904 844 3940 res
876 3885 1019 3938 enim
1048 3880 1311 3954 praterita
1338 3894 1431 3933 est.
1463 3879 1540 3932 Μ.
1955 3884 2042 3937 13.
2088 3884 2186 3938 Cui
2237 3889 2439 3948 rationi,
2496 3896 2584 3938 etc.
2632 3882 2786 3939 Ordo
2837 3898 2890 3938 et

853 3984 938 4019 ro.
986 3964 1137 4032 Quos.
1172 3959 1292 4014 scil.
1326 3978 1516 4013 servos.
1867 3980 2081 4016 sensus:
2109 3983 2178 4017 ue
2206 3965 2378 4037 ipsum
2406 3962 2621 4036 quidem
2652 3964 2888 4018 Ariovis-

850 4062 871 4096 1
890 4063 938 4097 1.
980 4043 1206 4096 [nemos.
1262 4041 1405 4094 Bene
1447 4045 1667 4102 mei-mos,
1718 4058 1783 4092 ex
1870 4055 1983 4095 tum
2001 4062 2210 4115 sperare
2229 4058 2435 4098 nostros
2453 4044 2713 4098 exercitus
2735 4063 2890 4117 posse

765 4121 921 4177 codd.
941 4141 1048 4174 non
1078 4126 1288 4174 inermes.
1307 4120 1389 4173 Ita
1411 4137 1544 4192 saepe
1569 4120 1624 4172 in
1650 4120 1780 4174 Coes.
1867 4123 2236 4177 circumveniri
2261 4125 2356 4178 ista
2387 4136 2496 4177 arte
2512 4163 2528 4190 ,
2548 4143 2665 4195 quae
2685 4143 2888 4197 prava·

767 4201 914 4253 MSS.
957 4201 1148 4271 passim
1175 4240 1192 4267 ,
1254 4200 1491 4262 adelinus,
1541 4200 1778 4262 declivus,
1867 4200 2047 4256 luisset
2082 4202 2326 4257 adversus
2363 4204 2604 4256 homines
2636 4205 2889 4258 barbaros

760 4281 1025 4352 proclivus,
1047 4292 1146 4333 etc.
1179 4280 1284 4331 Pro
1313 4278 1535 4342 adclivi),
1572 4291 1669 4332 etc.
1703 4279 1783 4332 Ita
1869 4293 1920 4335 et
1950 4282 2026 4340 rei
2058 4282 2297 4337 militaris
2326 4284 2613 4355 irnperitos.
2648 4282 2794 4338 Gon.
