3111 5147
632 3055 641 3064 '
728 3053 825 3106 vit.
854 3054 1044 3107 Caesar.
1067 3071 1122 3124 p.
1146 3053 1239 3119 56,
1263 3054 1358 3105 ubi
1380 3051 1448 3105 de
1471 3053 1572 3105 hac
1595 3071 1656 3106 re
1679 3053 1754 3107 ita

745 509 885 585 150
1048 512 1123 580 C.
1180 511 1463 580 JULII
1518 509 1983 579 CAESARIS
2036 508 2587 579 COMMENT.

735 643 1233 741 Sigambrorum
1251 642 1269 666 ¹
1297 641 1653 713 contendit.
1702 641 1979 710 Interim
2019 664 2060 708 a
2100 639 2550 736 compluribus
2590 641 2866 713 civitati-

730 752 856 821 bus
880 749 966 820 ad
988 776 1140 823 eum
1167 748 1362 844 legati
1386 746 1691 818 veniunt²
1709 801 1729 835 ,
1751 748 1988 841 quibus
2018 771 2251 843 pacem
2287 762 2486 842 atque
2512 749 2868 819 amicitiam

733 856 1105 988 petentibu}
1151 854 1504 926 liberaliter
1554 854 1928 951 respondit,
1960 854 2347 950 obsidesque
2400 853 2483 923 ad
2525 879 2594 925 se
2627 854 2868 927 adduci

725 964 932 1059 jubet.
972 949 1094 1033 At³
1133 962 1492 1057 Sigambri,
1526 986 1610 1031 ex
1635 987 1715 1031 eo
1739 976 2037 1057 tempore
2060 984 2195 1081 quo
2217 985 2387 1057 pons
2415 963 2664 1031 institui
2686 987 2868 1057 coep·

734 1085 837 1139 tus
886 1084 988 1140 est
1000 1069 1199 1179 ,fuga
1241 1083 1657 1165 comparata,
1681 1068 2159 1139 hortantibus
2141 1069 2453 1162 1iS,quos
2483 1093 2565 1138 ex
2604 1068 2867 1138 Tench-

732 1177 936 1246 theris
970 1190 1168 1271 atque
1198 1176 1582 1271 Usipetibus
1617 1174 1795 1270 apud
1832 1200 1902 1244 se
1929 1174 2296 1263 habebant,
2317 1174 2557 1245 finibus
2587 1176 2718 1245 suis
2755 1199 2867 1245 ex·

733 1297 1099 1371 cesserant,
1122 1306 1368 1376 suaque
1408 1285 1630 1352 omnia
1658 1296 2198 1377 exportaverant,
2232 1305 2432 1377 seque
2469 1283 2538 1351 in
2572 1279 2866 1351 solitudi-

732 1413 885 1459 nem
918 1414 996 1458 ac
1027 1387 1218 1458 silvas
1258 1387 1662 1459 abdiderant.

838 1496 1026 1563 XIX.
1071 1496 1323 1583 Caesar,
1359 1520 1607 1589 paucos
1654 1494 1790 1564 dies
1842 1495 1910 1563 in
1952 1518 2184 1564 eorum
2238 1492 2479 1565 finibus
2531 1508 2864 1581 moratus,

732 1601 1039 1672 omnibus
1056 1602 1218 1671 vicis
1251 1601 1668 1695 aedificiisque
1698 1601 2007 1689 incensis,
2035 1600 2511 1694 frumentisque
2541 1600 2863 1688 succisis¹,

734 1734 804 1779 se
834 1711 902 1775 in
932 1708 1097 1778 fines
1130 1708 1461 1778 Ubiorum
1491 1704 1810 1801 recepit²;
1832 1722 2030 1802 atque
2058 1708 2133 1777 iis
2168 1705 2480 1777 auxilium
2503 1732 2696 1778 suum
2730 1706 2862 1801 pol·

732 1813 979 1903 licitus,
1004 1814 1056 1883 si
1111 1813 1197 1881 ab
1252 1814 1484 1881 Suevis
1532 1828 2021 1907 premerentur,
2052 1814 2194 1884 haec
2244 1813 2331 1882 ab
2375 1814 2449 1883 iis
2500 1815 2853 1908 cognovit:

736 1922 1022 2007 Suevos,
1046 1932 1474 2014 posteaquam
1526 1943 1646 2013 per
1696 1916 2144 2014 exploratores
2186 1935 2458 2040 pontem
2498 1919 2640 1988 fieri
2679 1945 2861 1990 com—

734 2027 1098 2119 perissent,
1132 2050 1335 2156 more³
1370 2050 1491 2094 suo
1544 2023 1822 2096 concilio
1873 2026 2146 2115 habito,
2183 2028 2463 2097 nuncios
2512 2026 2580 2094 in
2632 2051 2859 2097 omnes

732 2145 953 2226 partes
985 2116 1359 2221 dimisisseffi
1382 2133 1479 2201 uti
1512 2130 1599 2201 de
1634 2132 1893 2270 oppidis
1918 2132 2392 2229 demigrarent,
2415 2131 2687 2222 liberos,
2708 2158 2862 2204 uxo—

734 2263 868 2327 res,
901 2263 1149 2335 suaque
1182 2239 1405 2311 omnia
1434 2240 1502 2309 in
1529 2238 1725 2311 silvas
1782 2239 2220 2335 deponerent,
2245 2254 2444 2334 atque
2464 2263 2695 2309 omnes
2706 2241 2858 2335 ,qui

731 2370 919 2415 arma
963 2346 1136 2416 ferre
1187 2361 1488 2477 possent,
1518 2371 1728 2416 unum
1776 2346 1842 2414 in
1892 2346 2114 2417 locum
2167 2347 2641 2416 convenirent:
2679 2295 2856 2417 liunc

732 2476 873 2523 esse
903 2438 1269 2522 delectum⁵
1300 2452 1592 2522 medium
1622 2452 1761 2522 fere
1800 2453 2145 2548 regionum
2183 2477 2412 2523 earum
2424 2476 2632 2547 ,quas
2662 2454 2858 2522 Suevi

732 2557 1141 2628 obtinerent:
1177 2558 1287 2629 hic
1320 2561 1778 2628 Romanorum
1819 2558 2178 2630 adventum
2211 2572 2626 2655 exspectare,
2664 2575 2859 2655 atque

812 2735 943 2787 CAP.
964 2733 1171 2786 xvm.
1199 2752 1248 2786 1.
1270 2732 1466 2804 Infines
1477 2734 1756 2804 Sigambro-

733 2834 852 2866 rum.
871 2812 1012 2866 Vide
1030 2810 1261 2866 indicem
1285 2813 1713 2886 geographicum.
1840 2812 1909 2868 de
1939 2815 2107 2870 musis
2134 2834 2182 2868 c.
2220 2820 2289 2869 16
2322 2816 2507 2869 allatis.

817 2913 867 2945 α.
900 2892 956 2947 A
977 2892 1290 2962 compluribus
1315 2893 1585 2946 civitatibus
1605 2895 1759 2963 legati
1925 2895 1976 2948 3.
1991 2897 2262 2949 Dianense.
2286 2896 2466 2949 Clark.
2489 2914 2554 2949 ex
2575 2893 2698 2950 eod.
2720 2897 2854 2968 angl.

731 2985 978 3025 venerunt.
1000 2971 1103 3024 Hic
1122 2971 1481 3027 emendandus
1495 2973 1548 3027 J.
1566 2972 1750 3036 ccccm,
1838 2987 1893 3027 et
1917 2975 2072 3027 Voss.
2101 2979 2298 3028 misisse.
2330 2975 2512 3028 Nostri
2548 2973 2707 3029 codd.
2734 2995 2856 3030 cnm

1839 3051 2304 3127 Oudendorpisnis
2319 3054 2656 3109 consentiunt
2665 3093 2683 3121 ,
2693 3068 2749 3108 et
2764 3056 2853 3110 hs·

1926 2755 1980 2790 ².
2001 2735 2065 2790 Se
2092 2733 2282 2805 infines
2307 2736 2538 2789 Ubiorum
2556 2736 2859 2809 maviani,

728 3133 969 3205 loquitur
994 3151 1009 3187 ε
1029 3136 1253 3204 pergenti
1284 3133 1537 3184 multarum
1567 3133 1754 3185 urbium

729 3214 937 3283 legiones
953 3224 1269 3274 occurrerunt,
1289 3215 1548 3264 amit-itiam
1561 3232 1754 3282 pacem-

727 3312 816 3363 que
821 3295 1081 3363 petentium
1091 3311 1109 3342 .·
1121 3291 1317 3353 Scribe,
1331 3291 1749 3360 legationesDn.

812 3374 864 3425 3.
890 3373 969 3425 Ae
982 3368 1244 3440 Sigambri.
1263 3370 1342 3422 Ae
1355 3382 1503 3424 vacat
1522 3367 1747 3426 incodd.

728 3462 782 3502 et
831 3449 956 3504 edd.
1011 3447 1362 3522 Oudendorp.
1404 3452 1643 3521 reposuit
1683 3469 1748 3505 ex

727 3529 926 3583 Ursino
941 3568 958 3595 ,
978 3532 1127 3601 cnjus
1148 3527 1314 3582 codex
1339 3526 1592 3582 mendose
1622 3531 1750 3586 fere-

722 3609 815 3662 bat
845 3622 914 3663 ut.
952 3608 1214 3679 Se‘gambri,
1247 3628 1357 3662 non
1386 3609 1649 3673 Sicambri,
1684 3629 1747 3663 ex

723 3688 880 3742 codd.
902 3689 1163 3743 Caeterum
1185 3689 1348 3742 facilis
1372 3690 1597 3741 mutatio
1613 3690 1751 3743 litte-

721 3786 795 3821 τε
809 3789 851 3838 g
875 3770 931 3821 in
962 3790 989 3822 c
1017 3769 1144 3835 suit,
1172 3781 1225 3821 et
1253 3788 1404 3823 error
1432 3769 1744 3824 levissimus.

781 3849 1076 3902 Cinxlx.
1101 3869 1123 3903 1
1138 3849 1744 3923 .Frumeneisquesuccisis.

721 3926 973 3982 Hotman.
1018 3930 1222 4001 primns
1258 3931 1497 4002 reposuit
1531 3932 1744 3984 succisis.

720 4006 1018 4080 Legebamr
1039 4022 1191 4063 antea
1202 4014 1449 4064 succensis.
1474 4010 1564 4063 mi
1576 4028 1747 4065 assen-

719 4086 927 4140 tiuntur
961 4090 1222 4143 nonnulli·
1252 4089 1426 4145 Codd.
1454 4091 1625 4143 nostri
1647 4091 1745 4144 ha-

719 4164 849 4217 bent
872 4168 1253 4222 succensis.Vid.
1271 4188 1417 4241 supr.
1442 4170 1481 4222 l.
1500 4171 1587 4237 II,
1609 4188 1656 4226 c.
1678 4175 1743 4236 6,

712 4255 885 4314 portas
913 4247 1183 4300 succedunt.

1835 3131 1966 3186 hent
1976 3134 2225 3187 dimisisse.

1919 3217 1973 3275 4.
1987 3214 2050 3266 In
2076 3214 2227 3268 silvis.
2237 3211 2344 3266 Alii
2366 3214 2587 3267 insilm.
2601 3215 2681 3267 Ita
2693 3213 2850 3267 codd.

1835 3292 2035 3358 nostri;
2060 3290 2207 3363 quod
2227 3294 2378 3363 parvi
2399 3293 2654 3346 momenti
2683 3305 2778 3347 est.

1918 3371 1971 3426 ⁵.
2007 3372 2156 3424 Hunc
2180 3391 2281 3424 esse
2317 3371 2572 3434 delectum,
2594 3382 2682 3424 ete.
2722 3371 2851 3427 scil.

1834 3449 1992 3504 Suevi
2033 3445 2351 3524 'delegerunt
2391 3452 2567 3507 locum
2613 3449 2853 3505 medium

1832 3548 2016 3584 esrum
2056 3532 2336 3602 regionum
2369 3550 2499 3603 quas
2534 3532 2850 3586 incolebant.

1833 3608 2028 3664 Modus
2044 3623 2218 3665 autem
2238 3612 2336 3664 iste
2354 3612 2520 3665 hostis
2538 3611 2853 3684 opperiendi

1832 3691 2128 3745 communis
2143 3703 2197 3744 et
2221 3691 2442 3746 usitatus
2456 3691 2696 3746 barbaris
2707 3728 2724 3758 ,
2740 3692 2855 3763 qui·

1831 3768 1933 3823 hus
1961 3784 2118 3824 vasta
2141 3769 2455 3825 solitudines
2475 3784 2530 3824 et
2553 3789 2734 3844 penca
2759 3790 2849 3823 nr-

1832 3849 2262 3924 besoompetunn
2276 3851 2609 3905 Parthisseil.
2623 3850 2850 3922 Scythis,

1832 3927 2137 3997 Germanis,
2167 3930 2538 4003 AEthiopibus,
2558 3931 2849 3995 Arabibus,

1830 4021 1932 4064 etc.
1965 4011 2286 4085 Nuperrime
2322 4011 2483 4065 etiam
2512 4028 2704 4083 magno
2729 4010 2850 4064 nsni

1832 4089 1937 4143 fuit
1959 4092 2138 4145 Russis
2165 4089 2414 4145 adversus
2438 4093 2645 4146 hostem
2665 4103 2724 4144 et
2746 4109 2848 4143 nu-

1832 4188 1982 4223 mero
2025 4171 2297 4243 copiarum
2316 4211 2334 4237 ,
2382 4185 2435 4225 et
2473 4170 2665 4244 peritis
2722 4168 2848 4224 belli

1837 4249 2250 4304 formidandum.
