3111 5147
673 539 823 625 304
999 542 1076 609 c.
1131 539 1409 609 JULII
1466 537 1928 608 cAESAms
1982 501 2527 607 COMMENT‘.

666 682 945 750 vitutem
977 680 1268 751 abstrahi
1286 734 1307 769 ‚
1332 681 1508 775 ipsos
1541 678 1860 767 interfici;
1887 703 2033 773 quae
2072 680 2156 748 sit
2192 705 2460 749 necesse
2499 674 2803 747 accidere

668 789 858 857 victis
875 785 941 855 .¹’.
970 816 1005 852 2>

775 894 926 963 XV.
984 894 1301 961 Omnium
1356 916 1679 962 consensu
1732 891 1861 961 hac
1915 893 2237 960 sententia
2289 892 2566 986 probata
2591 945 2611 979 ,
2661 914 2803 958 uno

669 998 776 1068 die
809 998 1089 1095 amplius
1127 1000 1260 1067 XX
1303 998 1500 1067 urbes
1535 998 1899 1091 Biturigum
1937 998 2397 1067 incenduntur.
2438 1001 2587 1067 Hoc
2627 996 2801 1066 idem

669 1104 751 1174 fit
799 1107 868 1172 in
915 1104 1179 1199 reliquis
1228 1105 1617 1174 civitatibus.
1663 1106 1746 1172 In
1789 1104 2095 1172 omnibus
2151 1104 2447 1201 partibus
2500 1103 2805 1173 incendia

668 1212 1211 1306 conspiciuntur:
1240 1212 1386 1305 quae
1429 1213 1548 1281 etsi
1592 1234 1834 1304 magno
1886 1235 2040 1280 cum
2083 1210 2312 1279 dolore
2350 1235 2584 1279 omnes
2635 1209 2803 1278 fere-

673 1315 868 1403 bant,
895 1332 1114 1385 tamen
1140 1317 1271 1386 hoc
1302 1317 1424 1386 sibi
1446 1315 1658 1386 solatii
1683 1316 2146 1411 proponebant
2163 1370 2183 1405 ‚
2211 1308 2433 1411 [quod
2456 1341 2527 1385 se
2547 1369 2567 1404 ,
2593 1339 2801 1410 prope

676 1421 1015 1518 explorata
1051 1424 1328 1492 victoria
1350 1478 1370 1510 ‚
1412 1422 1711 1492 celeriter
1724 1425 1958 1492 amissa
1973 1437 2477 1518 recuperaturos
2512 1421 2796 1492 confide-

674 1529 839 1598 bant
859 1528 897 1597 ¹.
926 1521 950 1619 ]
1006 1529 1432 1598 Deliberatur
1484 1529 1567 1599 de
1615 1529 1896 1598 Avarico
1956 1531 2024 1597 in
2079 1530 2417 1598 communi
2480 1525 2751 1598 concilio
2777 1582 2798 1615 ‚

675 1635 938 1727 incendi
990 1635 1279 1730 placeret
1298 1689 1318 1723 ,
1361 1660 1447 1704 an
1488 1633 1772 1705 defendi.
1802 1635 2258 1706 Procumbunt
2275 1635 2580 1704 omnibus
2591 1631 2796 1703 Gallis

675 1742 762 1809 ad
793 1740 992 1836 pedes
1017 1744 1341 1837 Bituriges
1360 1796 1379 1830 ,
1411 1771 1445 1806 α
1472 1767 1557 1810 ne
1584 1740 2091 1837 pulcherrimam
2119 1766 2326 1837 prope
2352 1743 2554 1811 totius
2576 1739 2799 1811 Galliae

679 1847 910 1915 urbem
933 1901 952 1933 ,
1001 1872 1146 1941 quae
1192 1861 1259 1916 et
1305 1848 1607 1941 praesidio
1656 1862 1724 1915 et
1773 1862 2164 1917 ornamento
2211 1847 2295 1916 sit
2340 1848 2589 1916 civitati
2613 1900 2634 1935 ‚
2675 1847 2803 1916 suis

679 1953 983 2021 manibus
1027 1952 1423 2023 succendere
1465 1967 1900 2048 cogerentur:
1932 1951 2121 2022 facile
2161 1977 2230 2023 se
2270 1953 2396 2023 loci
2428 1968 2669 2022 natura
2697 1952 2803 2022 de-

684 2058 983 2127 fensuros
1007 2111 1027 2145 ‚
1069 2059 1331 2146 dicunt,
1374 2060 1551 2153 quod
1571 2113 1591 2149 ‚
1635 2083 1842 2154 prope
1880 2084 1962 2128 ex
1999 2060 2303 2129 omnibus
2344 2061 2645 2155 partibus
2689 2060 2805 2128 flu·

684 2167 860 2233 mine
885 2180 952 2234 et
977 2164 1216 2260 palude
1247 2165 1653 2235 circumdata
1670 2163 1714 2252 ²,
1741 2191 1949 2234 unum
1967 2166 2210 2235 habeat
2237 2181 2305 2235 et
2333 2180 2803 2262 perangustum

685 2270 953 2340 aditum.
979 2301 1013 2336 n
1034 2274 1253 2341 Datur
1266 2272 1640 2367 petentibus
1679 2274 1906 2361 venia,
1940 2272 2356 2343 dissuadente
2388 2274 2604 2368 primo
2637 2276 2802 2341 Ver·

686 2378 1119 2472 cingetorige,
1147 2392 1296 2473 post
1308 2378 1823 2465 concedente,et
1850 2378 2156 2473 precibus
2179 2380 2471 2474 ipsorum
2487 2394 2585 2466 ,et
2610 2380 2800 2447 mise-

685 2481 970 2552 ricordia
1006 2482 1202 2579 vulgi.
1234 2483 1633 2553 Defensores
1669 2484 1915 2579 oppido
1949 2484 2165 2554 idonei
2200 2485 2586 2581 deliguntur.

792 2591 978 2657 XVI.
1033 2591 1532 2684 Vercingetorix
1559 2591 1921 2661 minoribus
1949 2594 2276 2661 Caesarem
2304 2592 2639 2662 itineribus
2662 2591 2809 2660 sub-

689 2696 984 2788 sequitur
1002 2747 1023 2782 ,
1050 2708 1117 2763 et
1146 2693 1364 2764 locum
1396 2698 1624 2765 castris
1652 2697 1878 2792 deligit
1896 2752 1915 2786 ,
1943 2696 2290 2793 paludibus
2327 2698 2631 2792 silvisque
2661 2723 2805 2766 mu-

692 2802 904 2869 nitum
923 2852 943 2887 ,
995 2799 1079 2868 ab
1131 2802 1413 2871 Avarico
1467 2801 1663 2898 longe
1704 2803 1903 2873 millia
1943 2828 2257 2898 passuum
2309 2807 2496 2873 XVI.
2548 2806 2650 2873 Ibi
2690 2829 2809 2899 per

693 2920 908 2976 certos
935 2906 1381 3002 exploratores
1403 2910 1471 2977 in
1493 2907 1749 3004 singula
1772 2910 1902 2979 diei
1924 2924 2226 3006 tempora
2240 2910 2283 2998 ¹,
2307 2936 2452 3006 quae
2474 2911 2559 2980 ad
2581 2911 2807 2981 Avari-

782 3135 870 3171 ιο.
910 3116 1035 3186 Quoe
1060 3122 1128 3170 sie
1153 3139 1335 3170 necesse
1363 3120 1575 3171 accidere
1600 3122 1710 3170 vic-
1798 3121 1954 3172 Voss.
1967 3133 2148 3173 noster
2180 3123 2244 3174 R.
2282 3122 2462 3191 5763,
2492 3133 2545 3174 et
2575 3121 2665 3173 alii
2696 3141 2815 3193 per-

698 3200 773 3249 tis.
812 3196 1091 3268 Optimum
1120 3210 1263 3250 certe
1291 3199 1395 3250 fuit
1421 3199 1711 3270 Vercinge·
1795 3200 1952 3251 multi
1974 3198 2085 3252 haec
2114 3202 2303 3266 verba,
2318 3202 2682 3274 quodseprope‚
2703 3220 2813 3253 non

695 3275 880 3346 tor-igis
895 3276 1173 3328 consilium
1193 3274 1260 3328 de
1279 3274 1607 3330 incendenda
1628 3296 1710 3330 re·
1797 3292 2101 3350 agnoscunt.
2117 3281 2184 3334 Et
2197 3281 2365 3352 reipsa
2379 3279 2621 3334 videntur
2638 3293 2817 3333 assuta

695 3356 870 3427 gione.
897 3354 983 3407 Sic
1011 3355 1355 3408 Athenienses
1374 3355 1431 3407 in
1452 3356 1592 3409 bello
1611 3357 1710 3409 Pe-
1797 3371 1859 3410 ut
1887 3377 2096 3412 sensum
2124 3359 2354 3412 efficiant
2372 3358 2699 3430 apertionem.
2736 3364 2814 3411 Ea

697 3434 880 3506 lopon.
913 3452 1068 3486 suasu
1097 3433 1313 3486 Periclis
1341 3446 1534 3487 terram
1564 3454 1711 3488 suam
1800 3437 2086 3490 Oberlinus
2095 3439 2246 3492 uncis
2255 3436 2563 3492 includenda
2580 3438 2814 3491 curavit.

698 3531 822 3567 cum
833 3513 1145 3566 suburbanis
1166 3511 1540 3580 incendet-uim
1567 3535 1713 3587 neque

699 3596 838 3653 enim,
860 3605 921 3645 ut
943 3592 1014 3645 ait
1034 3591 1394 3663 Thucydides,
1401 3598 1713 3664 possessiones

700 3676 834 3724 viros
847 3712 862 3733 ‚
883 3672 973 3723 sed
984 3675 1084 3723 viri
1106 3677 1418 3742 possessiones
1438 3678 1714 3726 nanciscun-

703 3764 796 3804 tur.
811 3753 894 3804 Ita
916 3769 1126 3822 quoque
1143 3753 1322 3817 Bussi,
1339 3765 1523 3806 contra
1542 3755 1714 3807 insani
1772 3771 1779 3778 ⁴

701 3831 978 3885 Gallorum
1000 3832 1328 3904 imperatoris
1350 3835 1607 3906 nonsatis
1632 3841 1714 3891 lu-

698 3909 924 3982 gendam
948 3912 1305 3964 incursionem
1339 3932 1361 3965 1
1376 3917 1407 3968 8
1420 3932 1442 3965 1
1457 3933 1508 3967 ο.
1535 3914 1716 3979 Quare

701 3991 950 4063 Vel-cing.
961 3992 1310 4046 meliust-ebus
1317 3993 1718 4046 suisoonsnluis-

699 4069 915 4135 seguine
925 4072 1149 4125 Avarico
1156 4070 1371 4144 quidem
1381 4074 1714 4146 pepercisset.

1799 3516 1984 3587 Neque
2004 3529 2178 3570 tamen
2201 3537 2416 3589 prorsus
2438 3518 2621 3589 rejicio
2645 3535 2659 3569 :
2685 3535 2816 3570 nam

1801 3596 1857 3660 in
1883 3597 2076 3649 nostris
2101 3595 2258 3651 codd.
2281 3600 2393 3652 RR.
2419 3616 2589 3670 prope
2614 3616 2699 3650 ιιι
2719 3617 2816 3651 uu·

1800 3683 1978 3741 mero,
2010 3676 2150 3729 inter
2179 3695 2313 3749 qnos
2347 3679 2525 3749 5764,
2546 3678 2812 3749 leguntur.

1884 3775 1933 3808 2.
1974 3756 2197 3808 Flumine
2225 3769 2277 3808 et
2294 3759 2476 3828 palude
2502 3758 2814 3809 circzandata.

1801 3834 2020 3888 Flumen
2031 3840 2207 3889 Avaro
2215 3851 2310 3902 est,
2318 3836 2462 3890 unde
2470 3837 2594 3889 urbi
2602 3855 2814 3889 nomen.

1801 3915 1897 3968 Est
1924 3929 1978 3968 et
2004 3917 2181 3987 palus,
2198 3935 2299 3988 qua
2325 3929 2477 3989 parte
2487 3929 2642 3969 vetus
2670 3915 2821 3988 oppi-

1801 3993 1929 4049 dum
1962 4008 2055 4049 est.
2087 3995 2228 4049 Gon.

1882 4075 2012 4129 Cu».
2040 4077 2190 4130 XVI.
2221 4095 2265 4128 1.
2287 4076 2349 4129 In
2364 4077 2561 4146 singula
2579 4075 2678 4127 diei
2702 4085 2819 4124 απτ·

782 4149 911 4203 Cn.
931 4151 1054 4204 XV.
1087 4152 1237 4222 Quod
1259 4151 1717 4224 se,prope...confi-
1795 4174 1937 4226 por-a.
1965 4155 2051 4208 Sic
2074 4169 2216 4210 recte
2239 4154 2366 4209 :sed
2395 4156 2533 4209 male
2571 4153 2689 4207 cod.
2725 4153 2819 4224 qui

703 4225 891 4282 debant.
931 4227 1103 4283 Codd.
1155 4232 1220 4284 R.
1259 4231 1414 4303 Angl.
1460 4233 1710 4304 Bongars.
1802 4254 1947 4306 opem
1986 4236 2162 4292 babet.
2203 4238 2466 4307 Tempora,
2495 4234 2642 4291 idem
2675 4229 2821 4305 quod
