3111 5147
770 538 922 637 47⁸
1511 536 2164 609 mssERTATlo

874 674 1086 740 Porro
1146 668 1297 738 urbi
1357 674 1571 757 Sem,
1620 690 1746 740 nec
1798 673 1923 739 ista
1976 670 2253 764 vestigia
2302 668 2755 764 antiquitatis,
2790 696 2907 746 nec

767 782 889 849 iste
931 779 1093 848 sinis
1132 776 1448 847 exercitui
1497 776 1889 873 explicando
1938 792 2008 846 et
2049 774 2440 848 collocando
2477 780 2911 870 conveniens,

768 888 1017 982 quippe
1043 908 1191 980 quae
1221 886 1305 954 sit
1331 887 1400 954 in
1426 907 1669 981 eampo
1708 882 1909 980 plano
1936 898 2005 954 et
2029 899 2263 980 aperto
2287 885 2536 979 posite,
2561 908 2691 954 nec
2720 889 2911 956 etim

769 1018 1016 1062 nomen
1046 995 1364 1078 Gentico,
1394 991 1574 1087 quod
1603 991 1764 1061 urbs
1789 989 1969 1061 dieta
1997 994 2286 1062 Provins
2308 993 2376 1059 in
2400 995 2727 1061 memoria
2754 1018 2915 1062 non·

770 1098 1107 1169 nullorum
1170 1123 1253 1168 ex
1308 1113 1467 1167 vett.
1528 1099 1776 1168 chartis
1794 1148 1815 1186 ,
1855 1114 2078 1168 servat
2134 1098 2355 1168 adhuc
2372 1148 2393 1185 ,
2430 1112 2509 1167 ut
2565 1098 2775 1169 didici
2840 1100 2917 1169 ab

771 1208 986 1275 amico
1014 1228 1165 1274 meo
1191 1196 1348 1293 (M.
1370 1208 1585 1292 luris,
1628 1198 1980 1295 librati-e),
2022 1206 2166 1275 viro
2201 1205 2434 1293 docto,
2460 1207 2576 1300 qui
2603 1206 2701 1275 ibi
2728 1221 2917 1277 natus

772 1326 872 1381 est
908 1327 976 1381 et
1017 1311 1136 1380 diu
1182 1311 1536 1401 habitavit,
1571 1315 1816 1409 quique
1862 1334 1972 1382 me
2022 1315 2155 1383 suis
2207 1312 2625 1383 documentis
2672 1315 2748 1381 in
2800 1313 2917 1383 hac

772 1418 1228 1489 dissertatione
1261 1420 1663 1490 instituenda
1694 1419 2160 1515 benignissime
2196 1419 2465 1513 adjuvit.
2670 1442 2675 1445 ’

877 1524 1008 1595 Sed
1026 1526 1260 1597 urbem
1283 1540 1488 1623 caput
1503 1528 1841 1599 Senonum
1859 1528 2149 1596 extitisse
2166 1524 2577 1645 temporibus
2599 1528 2640 1595 J
2643 1523 2765 1594 uln
2781 1529 2916 1597 Cae-

774 1636 973 1721 saris,
999 1647 1069 1701 et
1099 1634 1365 1727 quidem
1402 1634 1782 1704 distinctam
1814 1633 1901 1702 ab
1956 1632 2295 1730 Agendico
2334 1633 2606 1704 minime
2652 1633 2917 1723 dubito,

775 1753 845 1808 et
884 1739 951 1810 id
997 1740 1323 1810 evincitur
1364 1766 1448 1810 ex
1488 1738 1823 1810 nonnullis
1864 1754 2247 1810 nostrorum
2287 1690 2918 1810 eommenmrionmi

776 1843 955 1915 locis.
1008 1847 1099 1914 Et
1142 1849 1480 1940 primum·
1511 1849 1756 1941 passim
1803 1847 1887 1916 de
1936 1846 2306 1916 Senonibus
2353 1846 2682 1939 loquitur,
2716 1861 2793 1915 et
2830 1846 2918 1916 di-

774 1953 901 2038 cit,
929 1950 1371 2022 adsenones
1411 1959 1652 2040 mittit,
1686 1957 2097 2027 inSenones
2134 1956 2920 2039 vesamae-cemicas?

776 2056 1112 2144 nonibus3
1159 2073 1229 2128 et
1284 2057 1484 2129 veluti
1549 2058 1745 2129 simul
1806 2061 1889 2129 de
1950 2060 2117 2130 urbe
2174 2074 2245 2129 et
2301 2059 2385 2128 de
2448 2074 2652 2152 gente
2713 2059 2920 2154 loqui·

776 2176 906 2233 tur.
954 2163 1085 2233 Sed
1133 2180 1203 2234 et
1239 2164 1366 2235 alin
1416 2178 1599 2236 extat
1646 2168 1832 2236 ratio.
1883 2170 2032 2236 Iam
2081 2166 2399 2254 vidimus,
2434 2163 2607 2234 libro
2650 2190 2770 2255 vr,
2806 2168 2918 2236 snb

778 2270 1013 2359 finem,
1036 2272 1369 2342 Caesarem
1390 2273 1709 2370 Agendici
1726 2270 1757 2364 (
1772 2272 1906 2344 scil.
1931 2267 1982 2341 ὰ
1999 2276 2204 2359 Sens,
2233 2286 2309 2342 ut
2327 2271 2691 2342 adversarii
2715 2276 2919 2345 nostri

778 2370 1096 2468 volunt),
1125 2402 1200 2448 vl
1251 2378 1573 2474 legiones,
1605 2379 1673 2449 id
1719 2395 1849 2467 est,
1879 2381 2234 2448 maximam
2283 2394 2542 2474 partem
2592 2384 2919 2451 exereitus

782 2486 884 2553 sui
923 2483 1277 2579 reliquisse.
1313 2485 1790 2576 Nihilominus,
1818 2485 1989 2555 libro
2021 2486 2349 2582 sequenti,
2384 2511 2441 2554 c.
2481 2509 2591 2575 lv,
2625 2487 2922 2557 Senones

780 2615 935 2660 cum
964 2593 1255 2679 Parisiis,
1290 2591 1668 2686 impellente
1694 2595 2270 2690 Vercingetorige,
2302 2581 2490 2662 arma
2520 2596 2833 2689 capiunt,
2860 2609 2921 2663 et

782 2695 1049 2789 quidem
1099 2697 1369 2792 impune
1422 2719 1649 2768 coram
1699 2702 1990 2771 exercim
2040 2695 2349 2770 romano!
2388 2699 2654 2778 Deinde
2700 2705 2921 2772 (ἔθευ-

784 2802 852 2869 in
897 2799 1181 2872 Galliam
1218 2806 1488 2893 transit,
1523 2808 1699 2876 vires
1741 2831 1892 2877 suas
1938 2806 2221 2902 colligit,
2261 2821 2330 2876 et
2366 2808 2583 2903 capite
2636 2831 2771 2895 10,
2806 2811 2918 2877 ite·

785 2933 933 2976 rum
973 2907 1137 2980 duas
1178 2903 1543 3006 Agendici(
1569 2913 1876 3006 totq’otws
1904 2907 1954 2982 ὰ
1988 2915 2163 2985 Sens
2183 2908 2210 3004 )
2223 2967 2245 2999 ,
2285 2911 2578 3010 legiones
2609 2928 2683 2982 et
2717 2915 2919 3009 impe-

783 3014 1076 3084 dimenta
1091 3039 1208 3087 sua
1224 3014 1558 3114 relinquit!
1577 3019 1707 3089 Sed
1724 3020 1902 3115 quod
1920 3018 2268 3090 ridiculum
2290 3021 2498 3114 magis
2515 3034 2648 3090 est:
2669 3020 2923 3104 denuo,

784 3145 841 3190 c.
893 3118 992 3207 34
1029 3122 1322 3215 ejusdem
1360 3124 1543 3215 libri,
1576 3142 1877 3221 quatuor
1902 3127 2203 3222 legiones
2225 3133 2299 3195 in
2329 3125 2635 3198 Senones
2675 3142 2751 3196 et
2780 3131 2922 3197 Pa-

782 3232 984 3297 risios
1017 3234 1250 3319 macic,
1291 3231 1572 3327 ideoque
1610 3225 1978 3329 Agendici(
2003 3233 2309 3326 toujours
2333 3227 2385 3302 ὰ
2416 3236 2588 3304 Sens
2604 3225 2669 3323 )‚
2712 3248 2787 3303 et
2826 3249 2925 3304 ta·

787 3357 942 3402 men
967 3359 1103 3404 non
1128 3337 1331 3406 habet
1351 3361 1466 3407 sex
1482 3336 1770 3433 legiones
1791 3339 2155 3428 Labienus,
2181 3339 2296 3409 sed
2314 3354 2596 3435 quatuor
2612 3336 2922 3408 tantmn!

786 3442 947 3510 Haec
1000 3445 1221 3512 omnia
1275 3467 1498 3515 secum
1554 3461 1872 3541 pugnant.
1917 3449 2149 3542 Longe
2198 3460 2421 3516 autem
2464 3444 2645 3514 aliter
2688 3470 2800 3515 res
2852 3469 2928 3515 se

786 3545 1090 3637 haberet,
1107 3574 1161 3619 si
1145 3550 1577 3646 oppidorum
1595 3554 1933 3622 existentia
1956 3553 2242 3622 duorum
2259 3553 2717 3623 admitteretur
2730 3577 2925 3648 ,quo-

786 3676 936 3721 rum
956 3678 1161 3724 unum
1187 3652 1536 3746 Senones(
1559 3655 1809 3749 Sens),
1832 3672 2035 3755 caput
2055 3661 2369 3755 regionis,
2392 3657 2674 3730 alterum
2693 3663 2921 3755 Agere

782 3758 1007 3829 dicum
1030 3752 1058 3849 (
1084 3755 1451 3853 Provtns),
1483 3761 1839 3855 infinibus
1875 3767 2247 3854 Senonum,
2288 3765 2469 3861 quod
2513 3766 2639 3836 sibi
2667 3768 2921 3844 caesar,

784 3889 824 3933 a
886 3868 1254 3965 principio,
1311 3885 1614 3941 centrum
1686 3875 2144 3968 operationum
2214 3889 2483 3943 suerum
2546 3871 2885 3969 selegisset
2902 3927 2921 3958 ‚

782 3975 955 4044 inter
991 3975 1365 4071 Sequanam
1407 3994 1475 4049 et
1509 3981 1886 4049 Matronam
1922 3982 2119 4049 situm
2141 4033 2160 4066 ,
2184 3979 2363 4049 unde
2389 3977 2583 4049 simul
2620 3979 2921 4048 infensis·

783 4080 984 4152 simos
1016 4083 1139 4153 sibi
1174 4086 1499 4173 Senones,
1534 4101 1604 4156 et
1643 4088 1958 4176 Parisios,
2001 4101 2070 4156 et
2108 4085 2489 4156 Bellovacos
2521 4088 2919 4158 contineret.

713 4215 719 4221 ·
785 4185 888 4255 vel
941 4188 1347 4262 debellantes
1393 4195 1796 4290 reprimeret.
1848 4195 2033 4284 Quin
2082 4208 2150 4263 et
2202 4192 2541 4264 distinctas
2605 4207 2921 4287 utrasque

780 4293 979 4364 urbes
1023 4296 1222 4368 fuisse
1269 4297 1376 4368 vel
1417 4321 1500 4370 ox
1541 4303 1924 4397 posterioris
1966 4315 2033 4371 et
2075 4300 2281 4371 infimi
2325 4300 2446 4370 aevi
2484 4299 2919 4395 scriptoribus
