3111 5147
772 560 912 641 καί,
1049 559 1125 625 C.
1181 557 1465 625 JULII
1521 555 1994 624 CAESARIS
2048 552 2600 621 COMMENT.

752 713 978 759 casum
1034 713 1168 758 una
1223 687 1470 777 ferant,
1495 702 1624 757 aut*
1665 687 1786 757 sibi
1839 701 2123 755 mortem
2167 685 2575 755 consciscant
2613 710 2629 752 τ
2668 708 2883 779 neque

751 794 969 864 adhuc
1014 796 1359 865 hominum
1404 795 1725 865 memoria
1758 808 2056 887 repertus
2092 808 2192 861 est
2225 793 2603 886 quisquam,
2630 792 2885 886 qui,eo

748 900 1132 990 interfecto,
1184 903 1370 996 cujus
1426 926 1496 970 se
1549 901 1849 968 amicitiae
1894 899 2296 986 devovisset,
2347 914 2630 967 mortem
2692 922 2883 967 recu-

751 1003 964 1099 saret)
978 1062 998 1095 ‚
1039 1034 1193 1079 cum
1236 1010 1312 1077 iis
1356 991 1920 1077 Adcantuannus⁵
1962 1007 2375 1100 eruptionem
2421 1005 2637 1074 facere
2679 1030 2882 1074 cona-

753 1127 891 1201 tus,
921 1113 1211 1184 clamore
1265 1113 1351 1182 ab
1407 1138 1484 1183 ea
1539 1127 1727 1207 parte
1781 1113 2161 1181 munitionis
2217 1109 2507 1199 sublato,
2543 1136 2749 1206 quum
2800 1111 2886 1181 ad

749 1242 932 1288 arma
970 1218 1204 1289 milites
1238 1221 1755 1306 concurrissent,
1785 1218 2337 1313 vehementerque
2379 1218 2470 1285 ibi
2512 1231 2881 1312 pugnatum

750 1340 949 1411 esset,
986 1326 1285 1420 repulsus
1339 1329 1408 1395 in
1462 1324 1780 1421 oppidum
1797 1379 1817 1413 ,
1845 1339 2066 1393 tamen
2121 1327 2220 1394 uti
2262 1323 2490 1394 eadem
2534 1323 2880 1392 deditionis

751 1431 1124 1502 conditione
1166 1448 1484 1521 uteretur,
1512 1457 1550 1499 a
1596 1434 1834 1502 Crasso
1879 1432 2272 1526 impetravit.

856 1541 1114 1607 XXIII.
1161 1542 1378 1609 Armis
1420 1539 1884 1632 obsidibusque
1928 1539 2249 1633 acceptu,
2279 1539 2560 1608 Crassus
2602 1537 2668 1605 in
2714 1535 2878 1606 fines

749 1646 1102 1714 Vocatium
1132 1644 1149 1669 ¹
1188 1662 1256 1715 et
1296 1647 1715 1715 Tarusatium
1741 1648 1746 1653 ’
1769 1645 2105 1739 profectus
2149 1658 2262 1713 est.
2308 1646 2477 1711 Tum
2520 1668 2682 1712 vero
2727 1642 2876 1711 bar-

747 1749 891 1820 bari
947 1754 1296 1838 commoti,
1330 1752 1508 1846 quod
1564 1750 1882 1845 oppidum
1907 1804 1927 1839 ,
1962 1765 2028 1820 et
2081 1765 2316 1819 natura
2372 1747 2498 1818 loci
2553 1764 2618 1818 et
2674 1773 2874 1818 manu

748 1859 1077 1926 munitum
1098 1912 1118 1945 ‚
1157 1859 1383 1952 paucis
1440 1857 1700 1944 diebus,
1745 1858 1980 1950 quibus
2024 1881 2102 1926 eo
2146 1871 2420 1926 ventum
2478 1871 2653 1942 erat,
2684 1881 2876 1951 expu-

749 1977 1023 2056 gnatum
1077 1977 1527 2058 cognoverant
1550 2016 1571 2051 ‚
1613 1962 1861 2057 legatos
1914 1988 2179 2057 quoquo
2229 1987 2458 2032 versus
2505 1961 2833 2031 dimittere
2855 2016 2875 2051 ,

748 2069 1128 2161 conjurare,
1157 2069 1414 2139 obsides
1449 2070 1620 2138 inter
1656 2094 1724 2138 se
1753 2069 1945 2157 dare,
1966 2071 2188 2163 copias
2232 2093 2466 2164 parare
2509 2083 2870 2162 coeperunt.

748 2174 1108 2244 Mittuntur
1162 2177 1359 2245 etiam
1416 2176 1500 2244 ad
1555 2200 1665 2245 eas
1709 2177 2002 2245 civitates
2019 2172 2298 2270 'legati‚
2334 2200 2477 2269 quae
2523 2190 2676 2244 sunt
2719 2175 2873 2243 cite-

748 2281 936 2349 rioris
980 2283 1344 2377 Hispaniae,
1368 2282 1661 2350 finitimae
1710 2282 2121 2375 Aquitaniae:
2159 2281 2309 2351 inde
2364 2280 2600 2350 auxilia
2644 2280 2872 2350 duces·
2945 2348 2948 2351 .

747 2412 875 2480 que
903 2404 1338 2458 arcessuntur.
1366 2389 1673 2477 Quorum
1697 2387 1983 2457 adventu
2010 2413 2248 2482 mag-na
2271 2413 2424 2456 cum
2447 2372 2871 2457 auctoritate³

747 2508 813 2561 et
867 2518 1109 2589 magna
1160 2520 1311 2564 cum
1355 2495 1699 2564 hominum
1744 2492 2159 2563 multitudine
2201 2493 2445 2563 bellum
2490 2518 2719 2590 gerere
2764 2518 2871 2562 oo-

747 2614 1007 2668 nantur.
1054 2603 1278 2670 Duces
1320 2625 1480 2670 vero
1524 2604 1568 2669 ii
1611 2600 2017 2697 deliguntur,
2043 2603 2155 2696 qui
2209 2627 2342 2669 una
2391 2627 2544 2671 cum
2589 2602 2674 2689 Q.
2699 2602 2871 2668 ‘Ser-

746 2706 917 2773 torio
941 2692 967 2736 ⁴
999 2730 1230 2776 omnes
1273 2731 1480 2778 annos
1536 2708 1798 2777 fuerant
1823 2733 2331 2801 ,summamque
2387 2708 2722 2776 scientiam
2781 2707 2872 2774 rei

746 2809 1054 2943 militaris5
1096 2813 1339 2883 habere
1394 2815 1951 2884 existimabantur.
2001 2817 2087 2884 Hi
2130 2814 2600 2884 consuetudine
2643 2811 2872 2908 populi

746 2920 1003 2986 romani
1032 2904 1233 2988 ⁵loca
1278 2945 1543 3015 capere,
1587 2935 1802 2991 castra
1856 2922 2147 3010 munire,
2186 2920 2660 2991 commeatibus
2715 2944 2866 2988 nos·

830 3145 879 3198 5.
937 3146 1057 3199 Cum
1096 3151 1156 3200 iis
1197 3148 1596 3201 Adaanmnnus.
1640 3147 1767 3202 Hoc
1852 3148 2004 3202 tinias
2034 3148 2328 3219 Aquitania
2369 3160 2543 3219 partes
2585 3158 2869 3210 venerant,

746 3225 904 3277 verba
926 3244 1144 3296 prorsus
1161 3228 1369 3280 inutilia
1387 3224 1611 3280 delenda
1622 3240 1761 3280 sunt.
1850 3227 2093 3300 interque
2119 3228 2408 3299 Aquitanos
2425 3227 2680 3280 vixerant.
2698 3225 2872 3278 Multa

745 3302 937 3356 Sensus
954 3319 1032 3357 est
1055 3324 1070 3358 ε
1091 3308 1193 3358 alia
1216 3328 1276 3359 ea:
1286 3319 1429 3377 parte
1444 3307 1634 3378 oppidi,
1656 3306 1767 3359 Ad-
1848 3306 1923 3359 ibi
1932 3305 2092 3361 dehis
2108 3307 2372 3361 Convenis
2386 3303 2466 3370 (hi
2475 3325 2619 3360 nunc
2629 3305 2874 3357 habitant

745 3394 1039 3434 ecmannus
1050 3385 1277 3437 cumDC
1285 3386 1477 3447 devotis,
1496 3405 1636 3458 quos,
1653 3398 1759 3448 etc„
1849 3405 1964 3439 eam
1975 3400 2179 3458 partem
2196 3387 2378 3459 gallice
2399 3384 2596 3439 dictam
2609 3386 2785 3456 lepays
2804 3385 2870 3435 de

744 3473 832 3514 etc.
863 3467 1150 3533 eruptionem
1160 3466 1326 3530 facere
1355 3476 1576 3526 conatus,
1611 3478 1699 3518 etc.
1854 3462 2160 3536 Comminge)
2185 3464 2392 3519 erudite
2411 3464 2644 3537 disputat
2664 3464 2869 3518 Morus.

823 3542 952 3596 Cu».
993 3543 1195 3596 XXIII.
1238 3562 1284 3596 1.
1320 3545 1591 3597 Vocatium.
1625 3544 1764 3599 Male
1933 3546 1981 3598 3.
2025 3545 2218 3616 Magna
2251 3565 2355 3597 cum
2402 3549 2702 3598 auctoritate.
2730 3545 2870 3597 Cum

744 3622 988 3674 nonnulli
1018 3618 1141 3675 edd.
1181 3622 1305 3675 libri
1336 3623 1533 3676 habent
1567 3624 1626 3675 V
1619 3644 1762 3676 ocon·
1848 3625 2101 3697 opinione
2126 3638 2396 3678 auctarum
2417 3643 2631 3678 suarum
2651 3623 2868 3677 virium.

743 3705 929 3754 tior-mn.
964 3702 1101 3754 Nam
1131 3721 1305 3756 sermo
1335 3717 1413 3756 est
1441 3702 1510 3757 de
1540 3705 1761 3774 Aquita·
1902 3703 2870 3770 6.CumSertorio.Q.Se1-toriusbellum

741 3781 829 3833 nia
845 3820 861 3848 ‚
892 3795 945 3834 et
975 3782 1226 3836 Vocontii
1272 3795 1413 3836 trans
1444 3781 1761 3837 Rhodanum
1846 3784 2000 3837 civile
2030 3784 2221 3838 multos
2247 3803 2411 3837 annos
2437 3795 2692 3855 gesserat,
2722 3782 2868 3853 quod

741 3861 1029 3915 incolentes
1059 3861 1126 3915 ad
1157 3863 1317 3934 Alpes
1346 3863 1698 3936 pertinebant.
1845 3865 2094 3917 omnibus
2118 3876 2337 3929 notum3
2368 3864 2521 3935 eique
2549 3863 2746 3916 bellum
2778 3881 2870 3933 ge·

826 3960 876 3995 2.
888 3943 1069 3995 Adeas
1081 3946 1308 3996 ementes.
1320 3944 1552 3997 Ritterus
1565 3945 1620 3996 in
1635 3943 1759 3998 hist.
1844 3944 1986 3996 renti
2016 3962 2076 3996 ea
2088 3944 2272 3997 Gallim
2287 3962 2410 4015 pars
2427 3942 2712 4015 Aquitania
2725 3939 2870 3995 dicta

742 4019 878 4072 Gall.
902 4040 956 4092 p.
987 4042 1058 4075 ao
1077 4024 1337 4077 existimat
1353 4023 1451 4077 hos
1468 4024 1628 4077 fuisse
1645 4024 1761 4078 illos
1845 4024 2073 4077 multum
2092 4025 2321 4077 faverat:
2343 4042 2407 4076 ex
2429 4023 2511 4074 his
2526 4022 2687 4094 igitur
2701 4022 2873 4091 regio-

746 4097 1011 4163 convena„
1031 4121 1100 4155 sc.
1121 4103 1265 4155 illam
1283 4104 1566 4157 colluviem
1583 4102 1759 4156 homi·
1844 4102 2002 4157 nibus
2022 4104 2295 4157 auxiliares
2325 4103 2503 4156 turbas
2525 4099 2870 4154 conduxerat.

740 4194 873 4229 num
890 4216 907 4239 9
947 4182 1039 4251 qui
1078 4182 1134 4234 in
1176 4183 1316 4236 bello
1353 4183 1656 4236 Sertoriano
1697 4202 1760 4235 ex
1929 4184 1980 4236 5.
2014 4184 2090 4235 Hi
2120 4182 2451 4236 consuetudine
2464 4181 2640 4253 populi
2665 4184 2869 4232 romani.

743 4257 1013 4312 montibus
1042 4260 1308 4331 Pyt-eneis
1331 4260 1519 4332 dejecti
1532 4301 1550 4326 ‚
1569 4264 1627 4316 in
1643 4262 1763 4316 fini·
1843 4263 1891 4315 A
1928 4262 2163 4317 Sertorio
2203 4281 2446 4317 normam
2484 4261 2611 4316 belli
2650 4257 2873 4332 gerendi
