3111 5147
713 540 811 610 30
1061 539 1347 607 JULII
1404 538 1877 609 CAESARIS
1933 536 2488 607 COMMENT.

708 672 1076 741 nunciatur.
1110 669 1428 760 Helvetii,
1456 696 1575 741 seu
1600 672 1779 766 quod
1813 673 2051 740 timore
2084 672 2472 765 perterritos
2498 670 2837 737 Romanos

709 777 1041 848 discedere
1078 802 1119 846 a
1158 802 1228 847 se
1266 780 1749 866 existimarent,
1776 802 1857 847 eo
1885 778 2132 871 magis,
2162 777 2342 870 quod
2375 774 2622 870 pridie,
2627 799 2841 907 ⁵supe·

710 885 992 955 rioribus
1023 884 1184 955 locis
1209 886 1583 979 occupatis,
1616 882 1916 980 praelium
1938 909 2076 953 non
2101 867 2676 971 commovissmt⁵3
2703 884 2844 951 sive

712 1016 793 1060 eo
817 991 1058 1084 ‚quod
1118 1014 1191 1059 re
1250 990 1680 1059 frumentaria
1738 988 2087 1061 intercludi
2143 1013 2338 1085 posse
2395 988 2844 1077 confiderent3

714 1110 1122 1167 commutato
1168 1081 1511 1165 consilio⁶
1562 1111 1758 1191 atque
1805 1099 2039 1166 itinere
2085 1120 2452 1185 converso,
2489 1109 2754 1165 nostros
2803 1118 2844 1162 a

715 1205 1073 1273 novissimo
1109 1204 1371 1296 agmine
1406 1204 1660 1297 insequi
1695 1227 1774 1272 ac
1806 1201 2123 1273 lacessere
2157 1149 2520 1297 coeperuiat,

818 1311 1072 1378 XXIV.
1088 1311 1442 1403 Postquam
1466 1309 1534 1378 id
1553 1311 1849 1378 animum
1871 1308 2181 1378 advertit¹
2189 1362 2209 1397 ‚
2222 1311 2449 1403 copias
2461 1309 2848 1378 mazcaem

716 1418 786 1484 in
833 1417 1208 1511 proximum
1258 1414 1495 1485 collem
1542 1415 1852 1485 subducit
1873 1466 1895 1504 ‚
1930 1417 2421 1511 equitatumque
2437 1462 2460 1503 ‚-
2490 1416 2602 1508 qui
2651 1416 2844 1484 susti·

716 1537 903 1591 neret
926 1522 1214 1591 hostium
1242 1523 1562 1641 impetum
1579 1570 1600 1609 ‚
1621 1524 1815 1591 misit.
1843 1526 1995 1616 Ipse
2030 1524 2292 1591 interim
2328 1523 2397 1589 in
2428 1519 2596 1590 colle
2623 1520 2845 1589 medio

716 1627 1041 1722 triplicem
1077 1630 1285 1696 aciem
1312 1629 1620 1697 instruxit
1644 1625 1977 1748 legionum
2011 1643 2295 1722 quatuor
2321 1625 2820 1696 veteranamm'
2824 1680 2844 1715 ‚

716 1737 846 1822 ita,
867 1736 965 1805 uti
1013 1757 1215 1828 supra
1258 1757 1331 1802 se
1380 1736 1450 1802 in
1498 1756 1758 1802 summo
1794 1734 1960 1828 jugo
2008 1734 2189 1865 duas3
2219 1733 2544 1829 legioneS,
2567 1754 2734 1828 quas
2772 1757 2856 1825 ι

721 1840 936 1910 Gallia
979 1841 1281 1909 citeriore
1323 1841 1624 1932 proxime
1667 1826 2212 1934 conscripseratffi
2246 1855 2314 1910 et
2347 1842 2571 1909 omnia
2609 1837 2849 1909 auxilia

721 1946 1115 2015 collocaret.
1153 1968 1231 2013 ac
1267 1958 1478 2013 totum
1514 1959 1811 2014 montem
1846 1946 2222 2016 hominibus
2258 1945 2574 2041 compleri
2588 1996 2609 2034 ‚
2645 1960 2714 2015 et
2746 1947 2850 2015 in-

720 2067 901 2120 terea
934 2053 1226 2119 sarcinas
1255 2051 1323 2117 in
1352 2075 1560 2119 unum
1586 2049 1808 2121 locum
1836 2052 2155 2140 conferri,
2182 2067 2250 2122 et
2274 2077 2427 2122 eum
2449 2053 2534 2121 ab
2566 2053 2705 2138 his,
2731 2054 2848 2146 qui

722 2160 790 2225 in
820 2158 1157 2251 superiore
1184 2158 1323 2225 acie
1355 2159 1821 2276 constiterant,
1841 2161 2082 2227 muniri
2108 2159 2318 2278 jussit.
2344 2157 2661 2245 Helvetii,
2690 2180 2848 2227 cum

724 2263 1030 2332 omnibus
1067 2266 1199 2333 suis
1234 2266 1439 2333 carris
1489 2266 1696 2335 secuti
1711 2264 2226 2386 ‚impedimenta
2270 2268 2340 2333 in
2382 2286 2589 2334 unum
2624 2263 2846 2333 locum

622 2374 627 2381 '
723 2370 1192 2441 contulerunt:
1229 2371 1389 2466 ipsi,
1418 2372 1896 2442 confertissima
1945 2374 2086 2441 acie
2120 2371 2364 2464 rejecto
2401 2387 2631 2441 nostro
2666 2371 2848 2464 equi-

725 2492 868 2565 tatu
883 2475 1256 2570 ‚phalange
1286 2464 1506 2545 facta⁴
1509 2477 1680 2566 ‚sub
1709 2479 1994 2573 primam
2028 2493 2322 2547 nostram
2358 2480 2566 2547 aciem
2599 2500 2848 2547 succes·

723 2598 968 2653 serunt.

809 2755 862 2809 5.
904 2755 1020 2809 Non
1060 2759 1423 2811 commovissent.
1469 2757 1747 2829 Eleganter

727 2855 828 2908 pro
848 2835 1253 2889 lacessiviseent:
1277 2836 1366 2890 alii
1386 2841 1744 2900 commisissent,

729 2935 760 2968 ο
783 2915 966 2987 glossa.

811 2999 866 3049 Β.
896 2995 1104 3048 Helvetii
1126 3008 1412 3049 commutato
1439 2999 1651 3050 consilto.
1681 2998 1749 3050 In

727 3076 1090 3148 gravissimum
1116 3096 1349 3130 errorem
1378 3089 1505 3131 tunc
1546 3076 1748 3131 incide·

729 3168 856 3209 runt
886 3156 1145 3222 Helvetii,
1170 3157 1263 3227 qui
1290 3174 1455 3227 quum
1473 3195 1490 3222 ‚
1517 3169 1747 3209 retroce-

729 3234 887 3288 dente
901 3236 1103 3288 Castro
1113 3253 1209 3306 per
1221 3233 1454 3306 inopiam
1468 3231 1610 3296 (vid.
1631 3255 1745 3308 sup.

728 3333 776 3366 c.
801 3332 821 3366 ι
837 3314 866 3366 5
881 3326 933 3365 et
946 3314 1020 3366 ibi
1034 3326 1142 3366 not.
1156 3315 1250 3366 ult.
1262 3312 1308 3379 ),
1319 3323 1533 3385 possent
1544 3313 1613 3368 ad
1625 3315 1752 3368 San·

731 3405 879 3446 tonas
906 3393 1019 3459 sine
1042 3393 1153 3445 ullo
1178 3395 1454 3464 pervenire
1484 3395 1746 3465 periculo,

727 3486 781 3528 et
799 3473 874 3525 ibi
887 3470 1035 3526 sedes
1045 3473 1272 3525 munitas
1286 3470 1531 3527 adversus
1543 3475 1751 3527 hostem

727 3551 1051 3606 retardatum
1083 3552 1197 3605 sine
1230 3551 1341 3604 ullo
1370 3552 1750 3624 impedimento

728 3633 944 3704 seligere
960 3669 976 3698 ,
1003 3632 1279 3685 consilium
1307 3641 1544 3698 mutant3
1570 3643 1749 3704 atque,

727 3729 894 3784 quum
911 3712 1048 3764 nihil
1058 3727 1193 3783 opus
1205 3713 1291 3778 sit,
1298 3712 1521 3780 hostem,
1536 3710 1752 3766 adducti

727 3792 928 3845 incerta
954 3807 1047 3864 spe
1074 3790 1317 3845 vincendi
1333 3830 1351 3858 ‚
1378 3792 1652 3846 lacessunt.

809 3873 939 3925 Cn.
967 3872 1170 3926 xxlv.
1198 3889 1244 3925 1.
1276 3871 1505 3926 Animam
1528 3873 1747 3925 advertit.

728 3952 1006 4024 Eleganter
1030 3967 1130 4024 pro
1158 3945 1504 4007 mamadvertit.
1524 3955 1605 4007 Ita
1631 3972 1751 4025 pas-

729 4033 830 4085 sim
846 4032 1145 4100 Lucretius,
1162 4035 1453 4105 prasertim
1472 4051 1542 4101 η,
1569 4049 1592 4087 1
1606 4040 1696 4098 ²4·

729 4120 831 4166 lioe
849 4122 987 4166 etiam
1009 4122 1155 4181 magis
1176 4122 1273 4168 haec
1290 4123 1496 4169 animum
1518 4131 1565 4168 te
1587 4121 1749 4168 adver-

852 4191 949 4228 tere
970 4197 1056 4243 par
1071 4192 1156 4229 est.

815 4289 865 4322 α.
910 4271 1161 4342 Τνῲὶἰοεηι
1190 4278 1338 4326 aciem
1372 4277 1600 4328 ἰωὴ-«κίε
1630 4293 1750 4346 qua-

1831 2771 1943 2811 tuor
1970 2759 2206 2831 legionum
2237 2772 2374 2812 veter.
2405 2759 2490 2814 Sic
2520 2771 2747 2831 quatuor
2775 2760 2852 2814 le-

1830 2839 2012 2910 giones
2053 2851 2419 2892 veteranorum
2473 2840 2752 2905 instruxit,
2791 2854 2854 2893 ut

1832 2919 2090 2990 triplicem
2149 2919 2312 2972 aciem
2369 2919 2684 2985 formarent,
2716 2915 2738 2981 (
2760 2921 2854 2971 Les

1831 3010 1999 3069 quatre
2025 2999 2207 3067 legions
2225 3000 2397 3066 fut-ent
2421 3017 2568 3068 range
2543 3003 2616 3050 e'es
2642 3017 2700 3051 en
2735 3004 2856 3051 uvis

1832 3077 2851 3149 lt‘gnessurlepemhantdelucollme.)

1831 3157 2008 3210 Prima
2028 3158 2162 3210 acies
2178 3169 2290 3211 erat
2311 3158 2659 3223 hastatorum,
2672 3173 2857 3211 secun-

1832 3235 1902 3289 da
1954 3237 2258 3309 principum
2274 3275 2292 3304 ,
2332 3239 2485 3290 tertia
2529 3235 2851 3292 nial-iorum.

1834 3316 2122 3387 separatim
2148 3329 2323 3370 tamen
2340 3356 2357 3382 ,
2382 3329 2435 3370 et
2463 3331 2561 3389 per
2583 3317 2854 3383 cohortes,

1832 3414 1943 3447 non
1979 3414 2076 3468 per
2108 3396 2434 3468 manipulos,
2461 3415 2561 3450 nee
2602 3393 2855 3451 contiuua

1833 3475 1996 3541 serie,
2018 3475 2090 3528 ita
2118 3481 2178 3528 'ut
2202 3476 2393 3548 cuique
2418 3476 2625 3530 cohorti
2651 3476 2744 3529 alo
2770 3496 2854 3530 es-

1833 3566 1950 3607 sent
1961 3554 2195 3608 velitum.
2211 3551 2234 3618 (
2245 3557 2276 3607 ὰ
2288 3556 2465 3629 chaque
2478 3557 2666 3608 cohorte
2677 3561 2858 3610 etaient

1832 3655 1905 3688 ses
1925 3634 2141 3686 manehes
2167 3634 2227 3688 de
2257 3636 2425 3687 ‘velites
2439 3633 2478 3700 ).
2500 3633 2627 3688 Vid.
2655 3636 2854 3690 utrius·

1834 3725 1938 3785 que
1959 3714 2212 3768 exercitus
2229 3713 2469 3768 ordinem
2496 3715 2694 3786 optime
2720 3714 2855 3768 deli-

1833 3805 2065 3861 neatum,
2080 3806 2133 3847 et
2148 3809 2248 3847 aere
2267 3795 2508 3861 incisum,
2527 3808 2590 3848 ex
2605 3795 2720 3867 ipso
2736 3796 2854 3848 Cae-

1834 3886 1978 3940 sare,
2002 3894 2085 3946 ap.
2122 3867 2269 3947 Twp.
2297 3875 2523 3938 deCrIs„
2550 3886 2586 3927 t.
2607 3876 2660 3941 Ι,
2682 3895 2735 3947 p.
2759 3877 2851 3928 51.

1916 3953 1969 4007 3.
2003 3953 2370 4027 Commium-at.
2400 3971 2515 4026 sup.
2548 3973 2592 4007 c.
2633 3973 2719 4007 ro.

1916 4040 1969 4099 4.
2001 4036 2254 4106 Phalange
2271 4035 2430 4103 fhcta.
2463 4031 2678 4106 Veget.,
2702 4035 2738 4087 l.
2769 4051 2814 4087 11
2833 4073 2852 4100 ,

1834 4131 1880 4166 c.
1920 4132 1970 4166 α.
2002 4115 2091 4167 Ait
2117 4134 2214 4167 mm
2243 4125 2425 4165 tantum
2442 4113 2856 4177 Macedones‚ve·

1835 4213 1938 4245 rum
1966 4200 2110 4247 etiam
2139 4194 2359 4255 Gra-cos,
2384 4205 2434 4245 et
2456 4191 2718 4247 Dardanos
2744 4213 2855 4249 usos

1835 4293 1933 4327 esse
1967 4274 2383 4346 phalangibus5et
2405 4277 2455 4326 in
2491 4275 2857 4345 mapbalange
