3111 5147
602 511 741 579 DE
783 514 1128 581 BELLO
1173 516 1665 585 GALLICO.
1725 519 1910 586 LIB.
1964 520 2099 588 IV.
2284 518 2421 616 167

302 651 452 706 tum
505 641 639 712 suis
689 642 929 714 auxilio
982 646 1174 713 misit.
1231 647 1507 716 Interim
1558 650 1767 718 nostri
1822 648 2056 718 milites
2110 650 2427 745 impetum

301 743 598 816 hostium
630 750 1110 840 sustinuerunt,
1131 766 1330 848 atque
1359 753 1640 849 amplius
1671 754 1850 824 horis
1872 753 2191 850 quatuor²
2212 755 2428 825 fortis·

305 851 471 920 sime
511 872 978 950 pugnaverunt
996 911 1015 947 ‚
1055 872 1124 927 et
1141 912 1162 946 ‚
1204 860 1430 954 paucis
1468 858 1849 931 vulneribus
1888 863 2173 957 acceptis
2195 914 2215 949 ,
2248 887 2426 931 com-

305 954 534 1050 plures
561 985 642 1028 ex
660 964 735 1031 iis
764 962 1164 1033 occiderunt.
1190 968 1425 1035 Postea
1449 990 1611 1035 vero
1636 990 1833 1061 quam
1861 969 2185 1062 equitatus
2209 981 2431 1036 noster

307 1062 378 1129 in
409 1082 840 1161 conspectum
863 1072 1044 1138 venit
1058 1123 1078 1157 ‚
1099 1070 1321 1140 hostes
1341 1072 1612 1166 abjectis
1631 1075 1828 1142 armis
1850 1087 2035 1169 terga
2060 1086 2431 1162 verterunt,

308 1193 722 1266 magnusque
753 1200 987 1245 eorum
1025 1202 1339 1247 numerus
1371 1192 1470 1247 est
1496 1181 1770 1249 occisus.

415 1279 809 1349 XXXVIII.
865 1284 1086 1352 Caesar
1139 1298 1405 1378 postero
1453 1284 1558 1353 die
1604 1287 1677 1353 T.
1724 1285 2089 1355 Labienum
2141 1285 2431 1380 legatum

312 1405 464 1451 cum
498 1385 573 1453 iis
614 1385 1013 1482 legionibus,
1036 1412 1197 1483 quas
1237 1414 1318 1458 ex
1353 1391 1685 1459 Britannia
1716 1387 2095 1478 reduxerat,
2121 1393 2190 1460 in
2226 1391 2431 1460 Mori-

313 1513 433 1558 nos
452 1544 472 1579 ,
505 1493 623 1585 qui
661 1493 1082 1564 rebellionem
1135 1495 1458 1584 fecerant,
1486 1498 1677 1565 misit.
1722 1497 1858 1585 Qui
1892 1481 2108 1590 ¹quum
2162 1512 2434 1592 propter

314 1595 636 1668 siccitates
686 1599 1002 1693 paludum
1033 1599 1077 1689 ¹,
1118 1626 1252 1695 quo
1301 1626 1373 1670 se
1433 1605 1802 1697 reciperent
1822 1655 1841 1689 ,
1879 1626 2015 1671 non
2073 1602 2396 1671 haberent
2413 1656 2434 1690 ,

316 1725 446 1793 quo
493 1703 797 1800 perflagio
850 1708 1185 1803 superiore
1223 1732 1398 1777 anno
1437 1706 1703 1776 fuerant
1741 1705 1902 1795 usi²‚
1923 1732 2150 1776 omnes
2190 1706 2326 1775 fere
2364 1708 2435 1776 in

320 1822 707 1899 potestatem
750 1811 1023 1882 Labieni
1059 1827 1400 1884 venerunt.
1442 1816 1532 1883 At
1574 1815 1659 1903 Q.
1699 1815 1985 1882 Titurius
2024 1827 2093 1882 et
2130 1814 2204 1882 L.
2237 1813 2437 1882 Cotta

325 1908 550 2006 legati,
588 1919 702 2010 qui
740 1918 809 1985 in
851 1920 1312 2014 Menapiorum
1360 1919 1525 1990 fines
1566 1918 1853 2015 legiones
1895 1902 2277 2005 duxerant³,
2307 1942 2437 1986 om·

327 2018 519 2087 nibus
564 2046 793 2092 eorum
847 2026 1023 2119 agris
1073 2026 1341 2094 vastatis
1364 2078 1384 2112 ‚
1424 2025 1769 2094 frumentis
1802 2024 2066 2094 succisis
2079 2010 2127 2111 ⁴,
2153 2022 2438 2094 aedificiis

327 2124 625 2217 incensis,
650 2129 831 2224 quod
862 2131 1154 2226 Menapii
1184 2156 1253 2200 se
1291 2153 1522 2200 omnes
1562 2131 1629 2197 in
1661 2128 2072 2200 densissimas
2102 2128 2294 2198 silvas
2333 2129 2441 2196 ab·

329 2228 655 2323 diderant‚
678 2261 746 2305 se
784 2235 871 2305 ad
903 2238 1234 2307 Caesarem
1262 2250 1671 2331 receperunt.
1706 2237 1927 2308 Caesar
1955 2237 2023 2304 in
2053 2234 2271 2328 Belgis
2306 2259 2439 2304 om-

403 2437 454 2470 2.
487 2419 713 2490 Amplius
735 2422 864 2473 horis
888 2434 1108 2494 quantor.
1131 2423 1214 2476 Al.
1240 2442 1341 2474 ans·

313 2497 443 2569 plius
457 2498 619 2552 horas.
633 2499 792 2564 Quod
817 2503 1075 2572 prob-bnt
1087 2500 1337 2556 Oudend.

321 2578 690 2633 subintellecto
729 2600 870 2654 quan·
884 2603 904 2644 ,·
934 2594 989 2635 nt
1013 2583 1343 2653 frequentior

322 2669 398 2710 est
425 2658 512 2711 vel
534 2659 593 2711 in
624 2660 1007 2715 Caesnrelectio
1030 2661 1190 2715 codd.
1217 2681 1340 2715 nos-

319 2748 524 2790 trorum

403 2817 536 2870 Cn.
573 2818 888 2873 xxxvm.
926 2838 949 2873 1
962 2861 976 2874 .
1008 2821 1217 2893 Propter
1245 2824 1344 2873 eie-

324 2899 754 2969 citatespaludwn.
770 2900 910 2965 Quin
931 2902 1159 2953 Romani
1183 2902 1251 2953 ub
1279 2902 1346 2953 iis

324 2976 688 3031 consectandis
697 3015 715 3043 ,
726 2992 946 3051 propter
956 2981 1242 3033 siccitatem
1251 2998 1347 3051 p·-

325 3053 514 3110 ludum
542 3058 804 3129 prohibiti
831 3060 1056 3113 fuerent.

409 3156 461 3191 2.
488 3138 605 3205 Quo
623 3139 851 3208 per-firmo
874 3142 1111 3209 caper-iore
1134 3157 1260 3190 amo
1276 3141 1353 3190 ωἰ

320 3217 538 3282 [κει-σπι.
554 3216 671 3269 Hoc
688 3218 825 3281 loco,
840 3218 975 3270 mira
988 3215 1146 3271 codd.
1161 3230 1214 3270 et
1224 3215 1348 3271 edd.

331 3297 571 3361 varietas,
588 3309 746 3367 atque
756 3295 887 3349 adeo
901 3310 962 3350 ut
974 3295 1224 3350 Oudend.
1239 3297 1351 3369 ipse

333 3375 556 3429 fateatur
593 3377 696 3429 sibi
725 3374 794 3429 de
820 3395 881 3429 ee
904 3395 965 3429 re
995 3396 1105 3429 non
1128 3377 1350 3447 liquere.

334 3453 399 3505 In
411 3456 594 3508 multis
606 3474 709 3509 vox
714 3458 944 3526 perfugio
958 3453 1104 3509 deest
1121 3493 1137 3521 ,
1150 3457 1206 3507 in
1220 3456 1355 3507 mul·

343 3532 623 3607 tisquoque
639 3536 835 3606 legitur
845 3539 1240 3606 semper-fuerant,
1253 3552 1355 3606 pro

340 3616 572 3682 aque-im
583 3634 711 3666 anno
724 3616 1030 3682 mifioerant‚·
1045 3617 1099 3667 in
1113 3614 1354 3667 nonnull.

330 3695 611 3762 persua-am
635 3713 655 3742 :
671 3695 880 3765 quibus
906 3713 972 3747 ex
993 3694 1239 3747 omnibus
1267 3693 1357 3745 vix

340 3772 669 3826 tolerabilem
701 3774 892 3827 elicere
915 3775 1084 3845 possis
1111 3789 1354 3826 sensum:

335 3851 482 3905 unde
509 3853 813 3924 parenthesi
831 3854 946 3906 haec
962 3855 1124 3906 verbe
1147 3853 1361 3905 inclusit

336 3930 480 3987 idem
496 3929 770 3998 Oudend.,
783 3952 900 4005 que
912 3934 1057 3986 salvo
1073 3950 1228 3985 sensu
1239 3932 1361 4003 ejici

338 4029 493 4083 posse
515 4013 740 4083 putavit.
771 4017 1016 4066 Attamen
1048 4014 1105 4065 in
1135 4014 1360 4083 interpr.

336 4109 510 4161 graeco
523 4089 1058 4163 leguntur.Cod.reg.
1074 4092 1363 4161 5763.Qu0

339 4173 581 4240 aper-ion
618 4191 746 4224 armo
773 4165 1091 4244 peffuerant(
1115 4169 1364 4224 mendose

342 4266 444 4321 pro
466 4251 696 4321 perfugio
716 4249 886 4318 erant)
902 4255 992 4306 usi.
1020 4249 1155 4306 eod.
1186 4250 1367 4322 5764:

1421 2441 1515 2495 quo
1531 2422 1757 2493 perfugio
1783 2424 2019 2492 aper-iore
2037 2437 2166 2472 anno
2185 2430 2323 2470 erunt
2347 2422 2442 2472 asi.

1423 2503 1585 2554 Recte
1613 2513 1669 2554 et
1694 2499 1985 2555 secundum
2014 2497 2245 2553 mentem
2275 2499 2442 2570 scrip-

1424 2582 1570 2635 turis.

1508 2662 1563 2715 3.
1586 2662 1860 2715 Damnat.
1885 2658 1997 2713 vid.
2028 2679 2174 2731 supr.
2205 2677 2253 2711 c.
2291 2677 2383 2711 ss.

1507 2747 1564 2803 4.
1594 2741 1867 2807 Frumentis
1896 2742 2112 2801 succisis,
2140 2751 2240 2791 etc.
2270 2738 2386 2790 Hoc
2406 2736 2447 2791 l.

1426 2833 1482 2874 et
1503 2819 1686 2872 multi·
1713 2820 1828 2872 aliis
1852 2821 1903 2873 T
1898 2839 2036 2890 arpen
2061 2820 2122 2871 de
2142 2817 2308 2870 Crine
2324 2817 2451 2870 totis

1429 2900 1677 2952 inclamet
1710 2899 1914 2951 viribus
1947 2896 2195 2951 adver-ua
2232 2896 2452 2951 Castris

1430 2978 1757 3031 ferocitatem
1767 3014 1784 3040 ,
1799 2978 1893 3048 qui
1907 2994 2212 3047 generosam
2224 2988 2278 3027 et
2295 2976 2455 3028 liber-

1431 3057 1552 3110 tatis
1568 3055 1975 3109 amantissimam
1994 3067 2203 3126 gentem
2215 3090 2231 3119 ,
2243 3053 2456 3107 vastatis

1431 3134 1914 3208 egrisaedificiisque
1922 3130 2460 3197 incensisfilelerema·

1433 3216 1552 3281 luit,
1568 3234 1724 3287 quarn
1739 3214 1964 3287 imperio
1985 3214 2046 3266 P.
2062 3214 2127 3266 R.
2146 3211 2456 3263 submittere

1433 3295 1705 3349 beneficiis
1720 3294 1998 3365 verbisque
2022 3291 2327 3345 dulcisonis.
2348 3290 2458 3360 op-

1436 3376 1566 3428 time
1594 3376 1706 3428 virl
1745 3375 1869 3446 qui,
1898 3371 2228 3445 pacatissimo
2271 3368 2461 3422 seculo

1437 3455 1601 3507 vitam
1629 3453 1852 3525 degens,
1874 3454 2110 3525 gentium
2137 3449 2464 3502 domitorum

1439 3547 1576 3587 artes
1606 3552 1766 3587 coecas
1809 3545 1862 3586 et
1890 3550 2097 3584 aeneum
2137 3540 2323 3601 pectus
2352 3544 2464 3579 non

1439 3614 1688 3666 noverat!
1709 3614 1818 3678 Qui
1833 3614 1876 3665 si
1897 3611 2093 3665 nostris
2104 3608 2319 3662 vixisset
2336 3618 2467 3659 tem·

1441 3694 1689 3764 poribus,
1716 3693 1876 3762 hujus
1903 3689 2075 3761 adagii
2098 3689 2209 3741 vim
2227 3686 2467 3757 apprime

1408 3776 1414 3787 '
1441 3773 1683 3825 sensisset
1711 3791 1725 3824 :
1762 3773 2074 3823 Exteme'nez
2116 3784 2243 3839 pour
2281 3770 2468 3835 regmen

1445 3850 1549 3904 Sed
1588 3864 1649 3904 ut
1677 3852 1918 3903 omittam
1949 3861 2161 3910 catera,
2188 3847 2360 3899 Com
2402 3863 2467 3897 eo

1445 3931 1618 3983 fuerat
1628 3929 1936 4002 perductus,
1949 3929 2133 3982 utsine
2146 3926 2371 3978 maxims
2390 3941 2471 3977 se·

1446 4010 1668 4063 veritate
1692 4010 2032 4080 irrequietum
2068 4006 2347 4059 Gallorum
2388 4003 2474 4056 in·

1447 4087 1626 4142 dolem
1657 4101 1813 4160 atque
1858 4086 2263 4142 inconstantiam
2303 4084 2476 4137 conti·

1448 4188 1577 4222 nere
1619 4187 1728 4222 non
1770 4180 1963 4240 posset.
1992 4168 2140 4233 Quin
2179 4166 2344 4218 immo
2359 4203 2377 4229 ,
2398 4168 2477 4215 sui

1452 4253 1599 4322 ι’,υεὶω
1644 4252 1963 4321 exercitiaque
2006 4248 2215 4303 romani
2257 4246 2396 4299 salus
2443 4261 2476 4295 a
