3111 5147
570 470 708 539 DE
761 470 1103 545 BELLO
1158 471 1651 541 GALLICO.
1707 474 1896 542 LIB.
1953 476 2083 544 VI.
2249 502 2387 576 271

263 602 392 673 bus
407 588 456 690 ⁴,
478 616 546 671 et
577 625 774 671 crura
803 602 942 671 sine
967 602 1157 671 nodis
1188 601 1607 698 articulisque
1632 591 1958 695 habent⁵3
1982 632 2194 702 neque
2223 613 2401 704 quie-

265 711 350 779 tis
392 733 594 780 causa
641 708 1135 828 procumbunt:
1176 733 1427 803 neque,
1470 712 1525 779 si
1564 736 1698 805 quo
1742 712 2004 783 afflictae
2047 739 2203 784 casu
2246 742 2403 786 con-

267 815 601 905 ciderint,
661 816 912 910 erigere
945 838 1107 884 sese
1164 831 1282 885 aut
1331 814 1676 886 sublevare
1730 835 2023 912 possunt.
2080 823 2200 891 His
2253 838 2408 892 sunt

267 923 542 992 arbores
595 947 720 1018 pro
772 920 1154 991 cubilibus.
1195 921 1279 991 ad
1330 945 1440 991 eas
1491 948 1563 992 se
1624 923 1996 1018 applicant,
2039 942 2235 1022 atque
2277 930 2408 1018 ita,

269 1029 545 1124 paulum
597 1027 798 1098 modo
857 1012 1234 1099 reclinatae⁶
1238 1083 1258 1118 ,
1303 1030 1590 1123 quietem
1646 1032 1953 1126 capiunt:
1999 1059 2281 1126 quarum
2325 1060 2407 1103 ex

270 1126 561 1230 vesugii's
608 1161 816 1231 quum
869 1150 972 1205 est
1015 1135 1550 1206 animadversum
1574 1161 1615 1205 a
1644 1137 2071 1206 venatoribus
2097 1191 2116 1225 ‚
2160 1166 2292 1234 quo
2336 1167 2407 1209 se

273 1244 566 1337 recipere
609 1244 991 1313 consuerint
1010 1295 1030 1329 ‚
1062 1266 1292 1311 omnes
1334 1267 1415 1312 eo
1457 1241 1606 1313 loco
1649 1257 1765 1311 aut
1805 1267 1845 1312 a
1886 1244 2215 1314 radicibus
2255 1247 2406 1316 sub-

274 1363 518 1436 ruunt,
562 1363 681 1417 aut
734 1348 1044 1418 accidunt
1084 1348 1354 1418 arbores
1404 1363 1700 1438 tantum,
1740 1364 1815 1419 ut
1855 1375 2118 1420 summa
2161 1354 2409 1447 species

271 1479 506 1525 earum
549 1457 864 1525 stantium
905 1453 1329 1550 relinquatur.
1370 1459 1519 1526 Huc
1563 1481 1770 1550 quum
1814 1482 1884 1527 se
1936 1458 2410 1528 consuetudine

275 1560 740 1631 reclinaverint
764 1561 813 1648 ⁷,
855 1561 1150 1633 infirmas
1195 1562 1465 1632 arbores
1500 1561 1793 1657 pondere
1836 1563 2177 1659 affligunt,
2214 1579 2409 1659 atque

273 1691 409 1737 una
437 1670 602 1764 ‘ipsae
645 1667 1022 1738 concidunt.

380 1777 708 1845 XXVIII.
752 1777 1047 1844 Tertium
1102 1790 1204 1845 est
1255 1800 1462 1870 genus
1519 1800 1789 1864 eorum,
1834 1778 1948 1872 qui
1990 1778 2117 1845 Uri
2138 1774 2156 1799 ¹
2195 1776 2410 1871 appel·

279 1879 516 1950 lantur.
548 1883 636 1950 Hi
668 1895 824 1951 sunt
849 1881 1301 1977 magnitudine
1333 1881 1532 1977 paulo
1570 1883 1744 1952 infra
1778 1881 2238 1978 elephantos²;
2265 1908 2409 1979 spe-

363 2071 418 2129 4.
450 2065 639 2119 Mutila
669 2078 784 2118 sunt
801 2066 1036 2118 cornibus.
1068 2065 1177 2131 Qui
1203 2084 1301 2119 vo-

281 2144 408 2198 lunt
430 2147 590 2199 aloem
616 2164 727 2199 esse
754 2145 946 2198 animal
973 2144 1118 2217 qnod
1146 2163 1304 2197 voca-

281 2242 402 2277 mus
457 2225 625 2291 l’e'lan,
679 2226 1127 2296 interpretantur,
1155 2226 1305 2296 qnasi

284 2306 461 2358 Caesar
489 2305 725 2358 foeminas
756 2306 950 2358 alcium
987 2316 1195 2358 tantum
1225 2304 1305 2357 vi·

280 2381 473 2448 disset3
517 2385 600 2437 vel
647 2384 798 2456 quasi
854 2384 989 2437 alces
1039 2382 1307 2437 habuisset

280 2482 478 2517 cornua
497 2463 762 2517 latissimis
787 2464 951 2529 foliis,
967 2462 1111 2516 unde
1131 2477 1306 2536 partes

280 2546 500 2598 revulsas
524 2544 743 2598 fuissent
758 2562 775 2610 ;
793 2544 877 2596 vel
904 2544 1083 2616 potius
1108 2557 1168 2598 ut
1194 2544 1306 2617 ipse

283 2625 473 2693 Buffon
492 2626 593 2678 ait:
616 2626 685 2676 Le
710 2626 809 2677 bois
828 2625 889 2676 de
915 2624 1063 2675 l'e'lan
1084 2637 1170 2687 ese,
1177 2645 1311 2697 pour

285 2707 411 2756 abaci
436 2705 565 2768 dire,
599 2705 807 2776 de'coupe(
838 2715 889 2755 et
923 2704 1120 2756 chevilli!
1145 2725 1231 2757 sur
1259 2706 1309 2756 la

289 2785 492 2836 macl-e.
518 2785 632 2857 Ego
660 2796 836 2840 autem
860 2783 974 2836 haec
1001 2784 1309 2856 simpliciter

285 2866 500 2936 accipio.
533 2864 658 2918 Non
687 2865 887 2917 habent
916 2881 1132 2917 cornua.
1167 2862 1309 2917 Vide

286 2962 442 3016 supra
469 2956 657 2997 notam
681 2944 844 3009 ²,sub
858 2942 1038 2996 finem.

376 3024 428 3077 5.
481 3023 642 3077 Cmra
679 3028 781 3075 sine
826 3023 963 3075 nodis
1008 3022 1312 3095 articulisque

287 3102 476 3157 habent.
492 3102 621 3156 vid.
641 3121 816 3175 supra.
831 3102 1094 3155 Articulos
1115 3101 1314 3155 habent

287 3181 359 3235 ita
386 3180 610 3254 rigidos,
626 3195 688 3235 ut
708 3180 1016 3236 viderentur
1035 3181 1172 3234 nulli
1185 3200 1311 3234 esse.

288 3257 486 3315 Eadem
517 3261 784 3334 elephanti
813 3273 1014 3314 veteres
1057 3260 1312 3314 attribue·

289 3341 433 3395 bant.
477 3341 647 3396 Falso,

371 3426 424 3476 6.
441 3423 724 3474 Reclinatoe.
749 3421 853 3473 Alii
871 3458 887 3486 ,
902 3420 1160 3473 inclmatae.
1177 3419 1314 3473 Nos·

291 3500 360 3553 tri
387 3500 546 3555 codd.
567 3500 832 3570 vulgatam
859 3500 1073 3553 habent.

372 3599 427 3651 7.
460 3582 622 3652 Quum
645 3599 694 3631 se
716 3581 1062 3632 consuetudine.
1088 3577 1317 3649 Scaliger

292 3660 406 3713 sine
429 3661 736 3714 necessitate
756 3672 810 3713 et
837 3660 1144 3713 auctoritate
1167 3677 1318 3731 repo·

294 3741 399 3793 suit
426 3762 486 3792 ex
510 3739 862 3793 consuetudine.

375 3820 507 3874 Cu».
542 3821 805 3873 XXVIII.
845 3835 889 3872 1.
942 3818 1047 3872 Uri.
1095 3818 1316 3872 Germa·

295 3899 416 3953 nice
430 3901 710 3952 averochsen
722 3938 739 3965 ‚
750 3900 1112 3969 boeufsauvage.
1139 3899 1314 3951 Etiam

295 3978 547 4032 Linnaeus
604 3980 905 4032 numeravit
920 4017 936 4043 ,
976 3977 1128 4031 bovis
1177 3978 1317 4031 tauri

299 4061 606 4113 varietatem
636 4060 852 4113 alteram
870 4058 1040 4124 ,hunc
1052 4076 1228 4112 urum.
1238 4057 1315 4110 M.

303 4136 368 4191 de
411 4140 538 4193 Uris
582 4139 719 4193 Plin.
768 4139 903 4192 Hist.
944 4138 1012 4191 N.
1053 4137 1147 4191 lib.
1184 4155 1319 4203 vut,

301 4230 352 4270 et
383 4218 605 4288 Seneca,
631 4220 688 4272 in
725 4219 1000 4292 Hippolyt.
1042 4217 1115 4277 65
1143 4235 1157 4270 :
1184 4217 1319 4269 latis·

1390 2086 1479 2138 que
1511 2067 1617 2133 feri
1660 2067 1877 2119 comibus
1931 2072 2021 2120 uri.
2074 2069 2157 2120 Ita
2198 2065 2415 2121 demum

1390 2143 1530 2198 idem
1548 2146 1863 2199 clarissimus
1874 2147 1959 2199 vir
1976 2147 2191 2201 cmm
2200 2146 2268 2200 de
2284 2149 2412 2200 uris.

1832 2244 1871 2277 υ
1884 2244 1919 2278 n
1934 2245 1974 2279 1.

1470 2304 1641 2372 Boeuss
1662 2324 1908 2374 sauvages.
1928 2305 2213 2376 Laplupart
2230 2305 2313 2357 des
2328 2325 2415 2357 na-

1394 2384 1634 2436 eumlistes
1656 2396 1857 2455 pensent
1883 2404 1970 2454 que
1999 2384 2167 2436 c'e'tait
2194 2384 2419 2437 l'am'mal

1392 2483 1558 2515 encore
1597 2465 1767 2536 appek‘
1794 2465 1988 2517 urochs
2008 2483 2070 2516 ou
2102 2465 2381 2517 aner-ocbs
2397 2503 2414 2529 ‚

1384 2563 1487 2616 par
1511 2544 1578 2596 les
1604 2543 1922 2607 Allemands,·
1955 2544 2205 2598 aner-oclus
2227 2544 2416 2616 sc‘gnq‘fie

1393 2624 1534 2692 boeuf
1546 2625 1606 2676 de
1637 2638 1891 2696 mentagrae
1907 2645 1927 2678 .·
1963 2627 2022 2678 iis
2042 2629 2222 2697 jugem*
2256 2629 2413 2687 aussi,

1386 2724 1515 2775 pour
1539 2705 1589 2756 Ia
1598 2706 1825 2777 plupare,
1849 2725 1938 2776 que
1965 2707 2007 2757 le
2028 2707 2183 2760 bison
2201 2705 2260 2757 de
2277 2707 2419 2758 Plim

1395 2785 1518 2836 estle
1532 2794 1674 2837 meme
1687 2805 1774 2856 que
1788 2784 1976 2848 l'urus;
1985 2783 2247 2856 cependant
2255 2787 2414 2848 Pline,

1391 2863 1431 2916 l.
1459 2882 1565 2917 vul
1585 2900 1602 2928 ,
1617 2883 1662 2916 c.
1678 2864 1959 2928 xV‚semble
1979 2866 2417 2937 indiquerlebison

1396 2955 1448 2994 et
1475 2943 1646 2995 l’urus
1671 2962 1843 2995 comme
1867 2943 1994 2997 deux
2021 2948 2199 3014 espdces
2214 2984 2229 3006 ,
2251 2957 2297 2995 el
2317 2965 2346 3013 J
2357 2945 2423 2994 ἀι’

1397 3022 1647 3075 de'couvert
1663 3042 1720 3072 en
1751 3023 1871 3090 esset
1893 3024 2020 3096 qu'il
2033 3044 2075 3094 y
2104 3043 2137 3074 a
2166 3043 2226 3075 eu
2255 3035 2416 3075 autre-

1385 3103 1492 3168 sois
1518 3121 1576 3153 en
1602 3103 1656 3156 F
1651 3121 1792 3153 mace
1815 3102 1941 3155 deux
1973 3108 2152 3174 especes
2186 3102 2245 3153 de
2270 3102 2418 3169 boeuss

1396 3201 1644 3251 sauvages.
1695 3182 1753 3233 V
1747 3201 1861 3253 oyez
1891 3185 1935 3235 le
1954 3201 2011 3235 tv
2035 3183 2225 3235 volume
2248 3182 2309 3234 de
2325 3203 2419 3233 mes

1399 3267 1626 3315 animata·
1659 3263 1878 3331 fossiles,
1934 3264 2101 3314 article
2141 3262 2223 3314 des
2270 3266 2420 3315 rumi-

1400 3355 1557 3395 nants.
1589 3343 1821 3396 Cmmtn.

1485 3444 1533 3476 ².
1551 3421 1892 3493 Magnumdme
1897 3423 2049 3494 paulo
2061 3422 2189 3490 inst-a
2203 3422 2422 3493 elephan-

1404 3513 1489 3554 tos.
1521 3500 1675 3554 Idem
1702 3501 1864 3556 tradit
1889 3503 2128 3570 Servius,
2146 3499 2239 3555 sed
2254 3502 2422 3555 miror

1401 3578 1546 3652 quod
1561 3582 1664 3646 ait,
1689 3600 1815 3636 uros
1845 3583 1901 3634 in
1930 3541 2195 3654 Pyreninis
2225 3583 2421 3634 monti-

1401 3660 1499 3713 bus
1513 3662 1657 3715 nasci
1667 3699 1685 3727 ,
1699 3660 1844 3733 quod
1858 3681 1968 3714 non
1986 3661 2203 3715 memini
2218 3663 2422 3733 uspiam

1401 3738 1694 3812 proditum,
1711 3742 1780 3795 ad
1809 3759 1873 3796 11.
1902 3742 2096 3813 Georg.
2122 3741 2273 3811 Virg.
2304 3759 2422 3796 ver·

1403 3840 1524 3874 sum
1554 3821 1666 3891 374
1698 3839 1712 3873 ε

1455 3900 1675 3955 Sylvestres
1691 3901 1753 3940 uri
1773 3902 1924 3941 assidue
1935 3932 1947 3950 ,
1964 3915 2187 3956 capt-enque
2204 3914 2402 3955 sequaces.

1483 3976 1745 4048 Sylvestm
1768 3981 1865 4040 uri,
1892 3978 2100 4050 inquit,
2130 3978 2187 4030 td
2204 3990 2307 4040 est,
2340 3977 2425 4031 ho-

1409 4077 1480 4111 ves
1510 4069 1717 4126 agrestes
1735 4097 1750 4119 ,
1786 4062 1869 4128 qui
1913 4060 1963 4110 ἰιι
2002 4059 2239 4129 Pyrenaeo
2272 4070 2428 4111 monte

1406 4149 1671 4190 nascuntur
1707 4141 1830 4189 inter
1859 4136 2055 4193 Gallias
2085 4151 2135 4189 et
2161 4139 2427 4210 Hispanias

1402 4221 1577 4289 posito.
1595 4217 1896 4280 Santonum,
1921 4222 2125 4290 exceptis
2134 4219 2415 4290 elephantis,
