3111 5147
697 517 844 595 508
904 517 908 520 ’
1431 524 2072 595 CATALOGUS

797 658 1241 746 Damnem,
1280 658 1587 729 Andium
1620 658 1769 727 dux
1790 710 1812 742 ,
1856 659 2231 726 Lemonum
2264 655 2488 749 primo
2505 650 2825 747 oppidum

693 780 1066 858 oppugnat,
1101 765 1337 835 deinde
1382 780 1597 834 castra
1636 767 1967 849 Romana,
2011 785 2178 848 vm,
2220 760 2339 829 26.
2381 795 2490 807 -—·
2518 759 2838 827 Adventu

691 869 876 939 Fabii
916 873 1217 966 cognito,
1250 872 1449 966 fugit,
1474 872 1633 941 z'bid.
1663 897 1780 968 27.
1810 905 1919 919 ---
1936 872 1996 938 Α
2022 871 2158 937 suis
2182 868 2427 937 finibus
2445 865 2835 962 expellitur,

686 974 846 1044 ibid.
885 975 1004 1047 31.

800 1085 1246 1170 Dumnomx,
1269 1084 1576 1169 AEduus,
1616 1082 2225 1174 Divitz‘acistater.
2260 1080 2421 1174 Ejus
2456 1079 2733 1149 ambitio
2766 1094 2838 1148 et

696 1188 971 1257 societas
1019 1215 1170 1259 cum
1217 1194 1644 1285 Orgetorige‚
1687 1215 1710 1260 1
1740 1245 1759 1277 ,
1796 1189 1862 1261 3.
1901 1225 2009 1237 ---
2036 1187 2352 1256 Helvetiis
2411 1189 2536 1255 iter
2576 1186 2837 1282 praebet

696 1317 816 1388 per
834 1297 1203 1391 SequanoS,
1225 1297 1381 1368 ibid.
1415 1321 1484 1393 9.
1501 1299 1675 1365 -A
1690 1298 1885 1367 Lisco
1903 1295 2079 1392 apud
2097 1298 2425 1365 Caesarem
2446 1308 2802 1363 accusatur
2817 1347 2836 1379 ‚

695 1400 853 1469 ibid.
915 1426 940 1471 1
960 1403 1023 1474 8.
1042 1438 1147 1449 -·
1166 1406 1472 1474 Divitiaci
1502 1404 1721 1473 fratris
1754 1404 1850 1472 sui
1879 1403 2186 1498 precibus
2215 1417 2470 1489 motus,
2505 1402 2567 1469 ei
2608 1403 2839 1470 Caesar

701 1509 965 1579 veniam
1005 1510 1369 1600 condonat,
1399 1511 1557 1580 ibid.
1603 1535 1720 1581 ao.
1752 1544 1859 1559 -·-
1890 1512 1973 1577 In
2011 1509 2416 1579 Britanniam
2448 1509 2575 1576 iter
2616 1507 2834 1576 facere

703 1632 995 1706 recusat,
1023 1642 1095 1706 V,
1124 1617 1193 1687 6.
1220 1653 1325 1669 --
1352 1618 1515 1712 Ejus
1560 1617 1715 1713 fuga
1757 1631 1825 1686 et
1862 1642 2078 1703 mors,
2117 1615 2273 1684 ibid.
2299 1639 2378 1711 7.

807 1724 1215 1812 DUM-rme,
1266 1723 1624 1795 Pictonum
1676 1724 1859 1811 dux,
1912 1726 2373 1795 Romanorum
2432 1721 2691 1789 amicus
2721 1773 2742 1807 ,
2796 1743 2837 1788 a

700 1829 1056 1900 Dumnaco
1118 1833 1398 1903 Lemoni
1451 1844 1920 1927 oppugnatur,
1986 1854 2123 1901 vm
2160 1883 2181 1917 ,
2228 1826 2344 1910 26.
2392 1862 2499 1877 --
2532 1828 2595 1897 A
2629 1826 2838 1897 Fabio

700 1930 1045 2025 liberatur,
1090 1937 1246 2006 ibid.
1292 1965 1330 2008 2
1345 1963 1408 2035 7.

806 2194 1309 2283 Eromznomx,
1355 2195 1671 2281 AEduus,
1694 2199 2025 2290 princeps
2046 2197 2375 2279 cimam,
2426 2194 2698 2287 cognita
2728 2192 2836 2260 Li·

701 2299 896 2368 tavici
929 2300 1239 2396 perfidia,
1283 2301 1367 2370 ad
1383 2304 1729 2379 ,Caesarem
1752 2316 1955 2371 noctu
1987 2301 2200 2388 venit,
2232 2323 2367 2387 vn,
2401 2297 2834 2394 39.—-Cum

703 2406 1246 2502 Vercingetorige
1281 2408 1364 2477 de
1392 2410 1676 2477 amicitia
1712 2407 2122 2481 concilianda
2150 2409 2378 2493 mittit,
2400 2405 2558 2475 ibid.
2601 2402 2835 2477 55.-

702 2512 958 2581 Invitus
1003 2516 1532 2612 Vercingetorigi
1571 2529 1787 2610 paret,
1828 2514 1983 2588 ibid.
2033 2511 2157 2586 63.
2189 2548 2295 2559 —-
2321 2512 2383 2584 A
2419 2515 2687 2584 Caesare
2729 2537 2831 2583 ca·

703 2618 912 2711 pitur,
946 2617 1101 2687 ibid.
1141 2618 1261 2716 67.

807 2725 1281 2797 Eponnnomx
1332 2725 1497 2796 alter
1520 2782 1540 2816 ,
1591 2727 1725 2797 dux
1769 2726 2032 2826 eligitur
2076 2753 2115 2796 a
2173 2725 2382 2799 Gallis
2427 2742 2668 2796 contra
2694 2728 2835 2802 Cae-

705 2853 958 2920 sarem,
987 2856 1121 2932 vn,
1171 2833 1288 2931 76.

807 2940 1299 3026 EPASNACTUS‚
1315 2943 1694 3033 Arvernus,
1719 2944 1970 3012 amicus
1984 2944 2053 3011 P.
2086 2944 2165 3011 R.
2182 2997 2203 3031 ,
2230 2942 2618 3011 Lucterium
2651 2943 2833 3010 vinc·

705 3057 846 3112 tum
895 3045 979 3116 ad
1014 3050 1343 3118 Caesarem
1380 3049 1601 3136 ducit,
1636 3073 1803 3136 vm,
1846 3051 1967 3136 44.

811 3330 1072 3399 FABms
1105 3322 1262 3420 (Q.)
1345 3333 1680 3401 Arvernos
1709 3346 1777 3399 et
1817 3332 2115 3398 Rutenos
2150 3330 2386 3416 vincit,
2432 3352 2487 3419 ι,
2519 3325 2630 3416 45.

812 3436 1073 3506 Funus
1118 3429 1303 3526 (Q),
1338 3441 1679 3533 Legatus,
1722 3439 1790 3505 in
1826 3439 2128 3506 Morinos
2161 3436 2433 3523 missus,
2464 3460 2546 3525 v,
2579 3439 2695 3522 24.
2726 3470 2833 3482 --

706 3541 765 3609 Α
804 3543 1097 3631 Caesare,
1142 3558 1294 3612 ante
1337 3547 1743 3639 Gergoviam
1771 3560 2140 3614 castrorum
2182 3542 2497 3613 custodiae
2538 3542 2833 3630 relictus»,

707 3671 810 3717 vn
827 3701 846 3737 ,
889 3653 934 3735 4
953 3674 1007 3719 1.
1045 3685 1152 3697 --
1188 3651 1493 3720 Subsidio
1538 3652 1813 3724 Labieni
1853 3676 2008 3720 cum
2041 3665 2295 3746 septem
2338 3650 2726 3719 cohortibus
2769 3651 2835 3717 in

707 3755 1047 3825 obsidione
1088 3756 1320 3828 AJesiae
1341 3760 1580 3829 missus
1603 3814 1622 3848 ,
1644 3759 1799 3828 ibid.
1845 3758 1963 3855 87.
2000 3791 2105 3808 -··
2132 3760 2213 3826 In
2256 3760 2507 3826 Remos
2564 3756 2839 3826 colloca-

708 3877 814 3932 tus
884 3888 1038 3934 cum
1104 3864 1367 3936 duabus
1441 3866 1839 3963 legionibus,
1892 3865 2046 3935 ibid.
2105 3888 2227 3960 90.
2283 3899 2391 3916 -ν-
2439 3862 2838 3959 Complures

708 3972 1003 4042 civitates
1047 3972 1332 4042 Andium
1365 3976 1629 4069 recipit,
1667 3997 1831 4059 vm,
1874 3997 1993 4067 27.
2024 4006 2129 4019 ·-
2154 3975 2238 4042 In
2276 3973 2607 4042 Carnutes
2635 3969 2838 4067 profi-

709 4077 1002 4167 ciscitur,
1038 4094 1106 4148 et
1143 4082 1438 4150 civitates
1475 4082 1736 4176 recipit,
1782 4078 1938 4149 ibid.
1998 4076 2041 4149 3
2059 4103 2115 4148 1.
2147 4081 2558 4150 ——Fortiter
2584 4092 2843 4175 pugnat

709 4186 777 4250 in
823 4184 1163 4257 obsidione
1200 4188 1605 4260 Uxelloduni
1626 4243 1645 4273 ,
1687 4211 1850 4276 vm,
1893 4185 1986 4284 37
2020 4201 2090 4257 et
2124 4211 2299 4281 seqq.
