3111 5147
758 562 850 633 32

1039 566 1115 632 C.
1169 564 1451 631 JULII
1507 563 1978 632 CAESARIS
2032 560 2585 632 COMMENT.

756 695 934 763 simis
955 693 1258 788 praesidio
1300 709 1524 783 erant,
1548 697 1635 763 ‘ex
1664 696 1896 764 itinere
1930 709 2193 764 nostros
2220 692 2423 764 latere
2466 706 2698 789 aperto
2709 689 2752 729 ⁹·
2764 715 2882 786 ag-

758 802 1003 894 gressi,
1039 802 1533 869 circumvenere
1562 799 1612 825 ¹⁰
1642 826 1657 867 ε

1703 814 1770 869 et
1812 800 1879 869 id
1921 803 2282 896 conspicati
2315 798 2594 869 Helvetii
2610 852 2630 887 ‚
2651 799 2768 892 qui
2813 800 2882 866 in

755 921 1049 975 montem
1091 930 1232 976 sese
1274 920 1694 1000 receperant,
1717 931 1944 977 rursus
1985 909 2229 976 instare
2273 921 2341 975 et
2387 904 2687 1001 prelium
2729 903 2883 973 red-v

752 1015 1084 1107 integrare
1128 1027 1491 1107 coeperunt.
1537 1014 1823 1081 Romani
1867 1036 2190 1082 conversa
2246 1013 2431 1107 signa
2468 1010 2514 1037 ¹¹

2563 1011 2886 1105 bipartito

754 1117 1162 1186 intulerunt.
1196 1120 1412 1211 prima
1441 1142 1518 1187 ac
1547 1118 1835 1187 secunda
1876 1120 2085 1207 acies,
2111 1133 2190 1188 ut
2221 1120 2412 1248 {iactis
2439 1141 2520 1187 ac
2559 1116 2887 1187 submotis

756 1226 1118 1310 resisteret;
1146 1226 1373 1311 tertia,
1397 1238 1473 1293 ut
1513 1226 1850 1294 venientes
1893 1222 2321 1320 exciperet¹².

860 1332 1115 1398 XXVI.
1139 1332 1244 1399 Ita
1276 1331 1545 1424 ancipiti
1578 1329 1836 1425 praelio¹
1875 1330 1987 1400 diu
2012 1345 2210 1425 atque
2244 1332 2480 1400 acriter
2512 1266 2884 1425 pugnatum

757 1450 873 1505 est.
918 1437 1184 1505 Diutius
1220 1461 1426 1530 quum
1461 1451 1840 1506 nostrorum
1882 1439 2165 1532 impetus
2201 1439 2520 1507 sustinere
2547 1460 2684 1505 non
2727 1459 2884 1530 pos·

758 1556 938 1627 sent,
962 1539 1149 1613 alteri
1183 1567 1252 1611 se
1267 1595 1288 1631 ,
1317 1556 1393 1612 ut
1425 1559 1764 1638 coeperant
1778 1544 1894 1641 ,in
1923 1558 2218 1613 montem
2249 1557 2673 1638 receperunt;
2695 1541 2888 1610 alteri

757 1648 842 1717 ad
884 1648 1352 1743 impedimenta
1392 1663 1461 1719 et
1493 1674 1720 1719 carros
1754 1674 1908 1719 suos
1951 1675 2023 1719 se
2051 1648 2493 1719 contulerunt.
2538 1651 2713 1718 Nam
2750 1648 2884 1717 boc

756 1769 899 1824 toto
929 1753 1190 1850 praelio,
1219 1779 1425 1848 quum
1468 1756 1553 1823 ab
1582 1756 1750 1825 hora
1783 1758 2063 1851 septima
2096 1755 2181 1824 ad
2213 1752 2599 1850 vesperum²
2636 1778 2886 1849 pugna-

843 1966 893 2015 9.
926 1948 1096 1998 Latere
1117 1956 1295 2016 aperto.
1311 1946 1357 1996 A
1378 1942 1566 1997 dextro
1588 1944 1749 1998 latere
1762 1981 1779 2011 ,

760 2022 906 2098 quod
949 2024 1146 2095 clypeis
1198 2042 1307 2076 non
1358 2024 1645 2094 tegebatur.
1698 2025 1780 2076 Ita

762 2103 1002 2157 Davisius
1024 2121 1038 2156 ε
1065 2103 1236 2169 male3
1263 2121 1387 2156 nam
1406 2121 1515 2155 non
1543 2102 1611 2155 de
1636 2105 1782 2155 latere

760 2197 926 2257 aperto
960 2185 1213 2255 cujusque
1243 2182 1425 2235 militis
1462 2183 1747 2254 pugnantis
1762 2221 1780 2249 ,

761 2262 855 2317 sed
885 2261 953 2317 de
980 2264 1142 2316 latere
1179 2275 1359 2335 aperto
1395 2263 1670 2315 novissimi
1698 2282 1785 2334 ag·

761 2344 919 2397 minis
936 2381 953 2409 ‚
975 2343 1161 2396 collem
1185 2340 1464 2397 ascendere
1492 2342 1679 2413 parati.

820 2443 909 2477 ιο.
929 2424 1293 2477 circumeam
1306 2421 1535 2474 Helvetii
1545 2422 1781 2493 primum

762 2515 1027 2568 errarunt,
1053 2501 1197 2575 quod
1226 2520 1334 2554 non
1364 2500 1563 2552 mirum
1600 2514 1678 2554 est
1716 2500 1784 2553 de

762 2583 999 2637 barbaris
1014 2583 1379 2647 inscientibus,
1390 2582 1596 2634 hostem
1611 2600 1787 2653 agg-re·

763 2662 1007 2716 diendo
992 2682 1048 2714 ιιι
1082 2662 1200 2715 loco
1230 2661 1376 2714 sihi·
1361 2661 1544 2733 miquo
1578 2674 1630 2714 et
1672 2661 1785 2714 aliis

764 2743 1089 2814 aequissim03
1120 2753 1173 2795 at
1203 2741 1420 2794 Caesar
1405 2759 1517 2833 ipse
1546 2760 1657 2793 non
1683 2741 1783 2793 mi-

764 2841 866 2875 nus
895 2821 1123 2893 graviter
1158 2832 1366 2894 peccat,
1395 2821 1467 2874 ait
1513 2821 1564 2871 Τ
1558 2840 1697 2891 wpm
1726 2820 1786 2873 de

768 2902 952 2965 Crisx',
997 2899 1125 2954 dum
1173 2900 1468 2972 insequitur
1515 2899 1786 2953 Helvetios

764 3000 923 3053 supra
959 2992 1193 3034 montem
1236 2979 1512 3034 adversum
1549 2982 1660 3051 jam
1700 2999 1785 3032 re-

765 3073 971 3132 ceptos,
1003 3073 1056 3114 et
1090 3073 1277 3113 natura
1317 3061 1421 3113 loci
1458 3078 1568 3112 non
1610 3060 1786 3112 minus

765 3152 933 3207 tutos,
949 3159 1107 3212 quam
1129 3141 1240 3212 ipse
1260 3140 1405 3212 prius
1427 3152 1479 3193 et
1505 3141 1618 3211 ejus
1638 3158 1785 3192 exer·

764 3221 899 3274 citus
937 3222 1144 3273 fuerant
1183 3221 1237 3271 in
1278 3221 1452 3285 colle;
1494 3219 1783 3290 praesertim

764 3317 929 3370 quum
953 3318 1062 3351 non
1088 3297 1410 3369 previdisset
1439 3299 1646 3351 tertiam
1669 3318 1788 3369 par-

768 3391 872 3431 tem
894 3378 1283 3442 Helvetiorum,
1309 3379 1465 3430 Boios
1491 3397 1561 3430 sc.
1592 3390 1645 3429 et
1672 3378 1784 3429 Tu-

760 3458 958 3529 lingos,
981 3457 1197 3510 seorsim
1228 3456 1435 3510 relictos
1469 3455 1537 3509 ad
1570 3475 1785 3510 suorum

766 3535 1059 3590 subsidium
1086 3531 1107 3597 (
1119 3555 1253 3607 corps
1277 3536 1337 3587 de
1362 3532 1598 3601 re'serve),
1624 3536 1786 3589 latere

766 3619 1126 3671 Romanorum
1141 3628 1322 3688 aperto
1337 3617 1786 3669 circumventums

765 3715 901 3764 esse,
929 3710 983 3750 et
1007 3696 1351 3749 novissimum
1378 3714 1562 3766 agmen
1587 3714 1786 3767 aggres-

768 3795 947 3843 suros3
978 3774 1123 3848 quod
1157 3794 1280 3828 sane
1307 3775 1545 3841 vitasset,
1580 3775 1622 3827 si
1654 3773 1784 3829 duas

762 3855 994 3927 legiones
1023 3874 1182 3928 supra
1208 3854 1393 3909 collem
1415 3856 1622 3908 relictas
1644 3873 1784 3927 pone

764 3953 819 3987 se
847 3935 994 4007 sequi
1020 3937 1276 4007 jussisset,
1308 3935 1562 3988 Boiorum
1589 3935 1785 4007 agmini

765 4014 1121 4086 opponendas.
1172 4017 1303 4068 Duoe
1353 4015 1493 4068 enim
1539 4015 1783 4069 cohortes

763 4095 885 4146 satis
933 4093 1001 4146 ad
1048 4095 1338 4148 custodiam
1380 4094 1784 4168 impedimento·

650 4194 657 4202 ·
764 4189 901 4226 rum.
931 4175 1027 4238 At,
1053 4186 1113 4226 ut
1141 4188 1282 4228 recte
1311 4176 1554 4228 observat
1572 4178 1681 4247 jam
1706 4175 1781 4228 ci·

765 4262 902 4304 tatus
940 4253 1149 4322 Tur-pin,
1181 4254 1351 4326 prima
1382 4254 1494 4306 haec
1527 4268 1639 4308 erat
1666 4256 1780 4308 Cae-

762 4331 889 4386 saris
910 4330 1174 4401 expeditio
1202 4333 1254 4386 in
1285 4332 1512 4388 Gallias:
1531 4347 1781 4404 praeterea

1867 1955 2010 1999 tanta
2047 1945 2147 1998 fuit
2187 1945 2243 1998 in
2276 1964 2340 1998 eo
2387 1944 2548 1999 animi
2577 1944 2886 2017 praesentia,

1866 2037 2176 2097 tantumque
2211 2024 2409 2094 ingenii
2444 2043 2694 2089 acumen,
2720 2037 2811 2091 ut,
2843 2026 2890 2078 si

1867 2102 1995 2175 quid
2031 2105 2087 2157 in
2116 2104 2219 2156 hoc
2253 2104 2507 2176 peccarit,
2538 2105 2763 2157 scienter
2794 2103 2887 2156 ad-

1867 2182 2086 2237 modum
2121 2195 2176 2241 et
2207 2183 2519 2256 peritissime
2545 2183 2887 2255 reparaverit.

1955 2282 1976 2316 1
1993 2282 2016 2317 1
2028 2304 2041 2316 .
2065 2264 2301 2316 Conversa
2325 2268 2480 2333 signa.
2496 2263 2612 2317 Hoc
2631 2275 2710 2316 est
2722 2300 2738 2329 ,
2756 2282 2887 2317 con·

1869 2342 2105 2396 versione
2136 2343 2266 2395 sacta
2282 2338 2304 2404 (
2314 2344 2364 2395 la
2384 2347 2614 2394 trockieme
2631 2344 2761 2413 ligne
2775 2344 2886 2411 fil·

1869 2434 1978 2474 sant
2002 2423 2277 2490 volte-sace
2286 2418 2323 2485 ).

1955 2520 1978 2555 1
1993 2521 2042 2555 α.
2074 2502 2346 2573 Exciperet.
2378 2500 2599 2555 Codices
2627 2513 2681 2554 et
2717 2498 2886 2553 eddit.

1871 2582 2023 2637 multi
2042 2587 2302 2634 sustineret.
2332 2583 2509 2636 Nostri
2536 2600 2750 2654 quoque
2779 2601 2885 2633 sus·

1869 2665 2050 2715 tinet-ee.
2098 2659 2444 2734 Oudendorp.
2495 2661 2603 2714 fide
2660 2662 2888 2714 aliorum

1868 2740 2024 2795 codd.
2054 2741 2218 2795 fretus
2231 2781 2249 2808 ,
2269 2742 2499 2795 restituit
2515 2746 2774 2813 exciperet,
2796 2761 2888 2794 ve-

1870 2820 1967 2873 luti
1993 2821 2294 2892 elegantius.

1930 2901 2059 2953 Cu».
2071 2901 2273 2953 XXVI.
2286 2919 2308 2954 1
2321 2942 2334 2954 .
2343 2899 2752 2972 Ancipite'proelc'o.
2763 2900 2890 2954 Non

1868 2977 2036 3032 dubio
2057 2979 2252 3046 Μαι-πη
2266 2978 2358 3033 sed
2375 2978 2569 3032 dieitur
2585 2980 2639 3034 h.
2658 2980 2695 3031 l.
2716 3000 2892 3053 anceps

1860 3060 2100 3130 pra-lium,
2119 3060 2242 3131 quia
2257 3059 2463 3112 duobus
2478 3059 2533 3111 in
2545 3060 2676 3114 locis
2687 3077 2893 3130 pugna·

1870 3151 1982 3191 tum
1997 3152 2099 3204 est3
2114 3140 2224 3191 scil.
2240 3158 2398 3212 supra
2411 3150 2464 3191 et
2480 3139 2616 3191 infra
2629 3152 2886 3193 montem.

1953 3239 2003 3270 ο.
2023 3219 2108 3271 Ab
2136 3219 2253 3269 hora
2282 3224 2496 3290 septima,
2526 3218 2597 3269 ad
2621 3238 2888 3288 vesper-tem.

1867 3297 1962 3350 Est
1987 3297 2195 3350 circiter
2223 3298 2354 3351 hora
2377 3298 2548 3370 prima
2573 3297 2894 3369 pomeridia-

1867 3395 1969 3441 na,
1992 3395 2023 3429 e
2052 3377 2253 3429 ratione
2284 3390 2477 3430 nostra.
2510 3378 2727 3429 Veteres
2756 3396 2894 3431 noc-

1867 3456 2003 3509 tium
2031 3467 2084 3507 et
2111 3453 2320 3509 dierum
2344 3457 2511 3529 spatia
2538 3457 2624 3508 suh
2654 3460 2896 3528 ‹equinoc-

1870 3539 1985 3587 te'um
2007 3533 2328 3602 diviserunt,
2347 3537 2421 3590 ita
2440 3548 2499 3588 ut
2511 3554 2615 3588 nox
2633 3535 2896 3607 inciperet

1869 3627 2045 3668 asexta
2053 3615 2186 3668 hora
2198 3617 2512 3688 vespertina,
2521 3612 2893 3687 desineretque

1869 3695 1926 3748 in
1953 3707 2150 3748 sextam
2174 3697 2482 3750 matutinam
2504 3713 2516 3747 :
2548 3695 2660 3748 haec
2683 3713 2806 3766 pars
2831 3696 2895 3749 in

1867 3786 2095 3848 quatuor
2120 3788 2294 3848 partes
2310 3775 2747 3840 distribuebatur,
2760 3793 2896 3846 quas

1866 3855 2069 3926 vigilias
2085 3857 2366 3922 vocabant,
2382 3873 2695 3926 unaquaque
2710 3867 2894 3926 parte,

1868 3954 1937 3989 sc.
1979 3936 2177 4008 prima,
2209 3935 2464 4000 secunda,
2494 3935 2673 4000 tertia,
2700 3947 2898 4006 quarta

1867 4016 2067 4087 vigilia,
2088 4016 2255 4069 tribus
2279 4016 2424 4068 horis
2453 4026 2739 4068 constante.
2759 4014 2898 4067 Dies

1865 4114 1993 4148 vero
2043 4097 2097 4148 in
2151 4094 2430 4148 duodecim
2479 4107 2680 4166 partes,
2709 4093 2783 4145 ita
2825 4108 2898 4148 ut

1867 4189 2004 4228 sexta
2031 4188 2209 4228 nostra
2232 4175 2363 4227 hora
2386 4175 2642 4227 matutina
2670 4192 2897 4244 respon-

1865 4253 2013 4308 deret
2042 4274 2226 4309 eorum
2266 4255 2479 4326 primae3
2504 4266 2670 4319 sexta,
2696 4271 2894 4306 eorum

1866 4347 2056 4389 nostrae
2093 4332 2418 4390 duodecima
2457 4331 2792 4398 meridianae3
2833 4346 2892 4387 et
