3111 5147
455 533 598 602 DE
649 533 1001 602 BELLO
1056 533 1558 602 GALLICO.
1615 535 1807 604 LIB.
1865 537 2078 606 VIII.
2210 543 2362 637 429

219 663 534 738 cultatem
549 667 650 735 sui
664 663 1019 761 recipiendi
1040 664 1401 735 Bellovacis
1424 666 1766 738 dederunt.
1793 671 1895 739 113
1920 670 2098 765 fuga,
2110 674 2363 744 timoris

221 771 419 844 simul
432 765 930 891 calliditatisque
942 771 1159 866 plena,
1173 773 1312 841 sine
1323 771 1459 841 ullo
1468 772 1865 844 detrimento
1874 775 2076 846 millia
2088 803 2223 847 non
2232 803 2364 848 am-

223 878 396 975 plius
414 883 478 948 X
493 881 822 974 progressi
842 878 1101 962 hostes,
1125 876 1273 948 loco
1289 882 1729 949 munitissimo
1752 897 1967 952 castra
1978 901 2359 978 posuerunt.

224 985 391 1054 Inde
402 1010 638 1080 ,quum
658 1010 832 1080 saepe
850 987 916 1053 in
937 984 1184 1054 insidiis
1213 987 1464 1080 equites
1489 986 1870 1082 peditesque
1901 989 2360 1119 disponerent,

221 1116 465 1187 magna
489 1091 889 1161 detrimenta
912 1094 1267 1160 Romanis
1249 1118 1319 1159 m
1345 1081 1926 1209 pabulationibus⁵
1972 1096 2358 1166 inferebant.

334 1201 555 1268 XVII.
574 1197 796 1297 Quod
838 1223 1043 1293 quum
1078 1198 1371 1268 crebrius
1407 1199 1791 1288 accideret,
1795 1225 1876 1269 ex
1906 1205 2168 1297 captivo
2199 1228 2360 1297 quo·

228 1306 384 1374 dam
428 1307 750 1400 comperit
809 1307 1062 1390 Caesar,
1119 1307 1444 1374 Correum
1461 1359 1480 1391 ,
1525 1304 2028 1378 Bellovacorum
2085 1309 2321 1378 ducem
2341 1362 2362 1398 ,

230 1412 738 1482 fortissimorum
769 1409 971 1480 millia
1013 1412 1111 1481 VI
1147 1410 1441 1505 peditum
1484 1410 1799 1506 delegisse
1815 1466 1835 1500 ,
1870 1415 2249 1509 equitesque
2282 1440 2364 1484 ex

230 1520 413 1588 omni
464 1543 742 1588 numero
792 1516 998 1603 mille,
1039 1541 1205 1611 quos
1245 1520 1313 1585 in
1356 1516 1605 1587 insidiis
1647 1542 1729 1587 eo
1772 1516 1920 1588 loco
1964 1518 2321 1590 collocarat
2342 1520 2357 1546 ¹

231 1649 426 1719 quem
468 1626 548 1702 in,
580 1622 831 1710 locum,
863 1638 1136 1718 propter
1177 1626 1434 1718 copiam
1479 1623 1793 1693 frumenti
1829 1649 1907 1694 ac
1942 1625 2205 1721 pabuli,
2235 1628 2362 1696 Ro-

231 1755 464 1800 manos
486 1732 798 1800 missuros
811 1728 1313 1824 'suspicaretun
1344 1732 1501 1819 Quo
1523 1733 1791 1824 cognito
1813 1730 2086 1800 consilio
2102 1735 2364 1819 ,Caesar

231 1835 519 1932 legiones
569 1835 827 1974 plures,
872 1860 1069 1931 quam
1130 1834 1420 1924 solebat,
1469 1835 1726 1924 educit,
1785 1825 2363 1932 equitatumquess

232 1969 428 2038 quem
469 1930 815 2038 11131311113αἱ
853 1967 1113 2037 semper
1141 1941 1638 2037 pabulatoribus
1682 1945 1941 2012 mittere
1978 1959 2364 2032 consuerat,

235 2052 590 2145 praemittit.
639 2051 811 2119 Huic
852 2050 1214 2143 interponit
1249 2047 1486 2120 auxilia
1535 2047 1695 2118 levis
1738 2036 2129 2119 3111131111315
2164 2075 2181 2118 ε
2224 2052 2364 2146 ipse

235 2182 392 2226 cum
434 2154 831 2250 legionibus,
874 2178 1072 2274 quam
1110 2169 1328 2250 potest
1369 2156 1652 2223 maxime
1668 2158 2227 2252 ,appropinquat

345 2264 595 2331 xvm.
636 2265 875 2331 Hostes
916 2262 985 2328 in
1041 2260 1286 2330 insidiis
1349 2260 1681 2355 dispositi,
1736 2286 1940 2355 quum
2007 2262 2128 2330 sibi
2193 2260 2366 2350 dele·

238 2370 486 2465 gissent
527 2394 838 2463 campum
881 2367 965 2436 ad
1004 2392 1144 2437 rem
1188 2366 1580 2462 gerendam,
1622 2392 1759 2436 non
1816 2366 2095 2462 amplius
2139 2382 2368 2462 paten-

237 2491 372 2545 tem
419 2478 485 2543 in
519 2500 747 2544 omnes
794 2488 1013 2569 partes
1052 2473 1351 2570 passibus
1410 2497 1505 2561 11,
1543 2472 1719 2542 silvis
1764 2474 2051 2569 undique
2094 2475 2367 2570 impedi·

241 2584 505 2652 tissimis
561 2597 675 2651 aut
732 2579 1043 2651 altissimo
1119 2582 1386 2651 flumine
1465 2582 1795 2650 munitum
1818 2580 1872 2670 ¹,
1942 2581 2124 2651 velut
2185 2582 2369 2653 inda-

245 2793 600 2848 κεκάκωται.
632 2794 791 2848 Forte
806 2794 1017 2849 rectius.
1036 2793 1262 2866 Vulgata
1349 2810 1455 2846 non
1471 2793 1726 2864 ugnoscit,
1743 2804 1797 2846 et
1815 2810 1930 2847 33111
1946 2808 2160 2865 qnoque
2182 2792 2373 2847 delevi.

242 2874 404 2931 lectio
429 2876 502 2928 113
526 2893 740 2946 qnoque
763 2893 819 2927 se
845 2875 1023 2927 habet.

1435 2874 1484 2926 3.
1516 2873 2030 2945 Equitatumque,·ete.
2064 2871 2236 2926 Codd.
2256 2892 2372 2926 om·

321 2955 366 3007 5.
382 2952 445 3007 In
452 2954 856 3022 pabulationibus.
868 2953 1267 3025 Nonnulliproe-
1349 2968 1446 3004 1133
1468 2964 1520 3004 et
1545 2952 1758 3023 vulgat.
1798 2951 1993 3004 habent
2027 2956 2375 3026 eqm'tammque

243 3033 564 3105 positionem
593 3034 863 3087 omittunt.

329 3114 459 3167 Cu.
513 3114 693 3167 XVII.
731 3132 781 3166 1.
825 3113 1117 3166 collocarat.
1158 3111 1266 3165 Co-

243 3190 393 3254 dices
422 3191 511 3246 alii
535 3205 588 3246 et
609 3193 822 3263 vulgat.
841 3192 1107 3245 collocaret.

1351 3050 1448 3104 qua
1490 3030 1839 3083 consuetudine.
1895 3028 2157 3103 Impeditn
2209 3049 2375 3102 porro

1352 3110 1588 3182 phrasis,
1624 3128 1781 3181 quam
1823 3110 1894 3162 ita
1925 3107 2169 3162 emendat
2196 3110 2373 3163 Davis.

1354 3194 1704 3262 equitatumque
1739 3208 1871 3261 quem
1912 3209 2000 3240 sua
2045 3190 2377 3242 consmtudine

338 3293 388 3325 2.
412 3273 651 3325 Romam
674 3278 908 3324 missuros.
938 3272 1152 3344 vulgat.
1173 3271 1272 3323 Ro·
1349 3269 1727 3340 pabulatoribus,
1746 3280 1834 3321 etc.
1848 3269 1933 3321 vel
1947 3268 2236 3341 simplicius
2248 3274 2379 3342 equi·

251 3371 415 3404 manos
422 3352 703 3422 pabulatum
714 3355 951 3404 missum.
972 3353 1041 3404 At
1057 3389 1073 3415 ,
1099 3350 1273 3422 inquit

252 3431 495 3485 Davisius
510 3471 528 3496 ‚
541 3432 584 3485 31
598 3431 656 3484 111
669 3450 734 3483 30
744 3431 864 3485 1030
872 3432 1104 3497 frumenti
1116 3430 1278 3482 simul

253 3511 502 3582 aepabule·
518 3511 671 3582 copia
691 3511 820 3574 fuit,
841 3528 939 3581 par
958 3522 1062 3576 est,
1080 3522 1141 3561 ut
1158 3528 1276 3562 cen·

253 3609 461 3645 33311133
486 3591 751 3643 Romanos
766 3592 1110 3657 frumentatum
1129 3606 1276 3660 oque

256 3689 318 3724 33
330 3671 610 3742 pabulatum
629 3671 895 3723 missuros.
916 3667 1061 3733 Quid
1076 3667 1277 3740 igitur?

253 3768 444 3803 vocem
461 3750 742 3820 pabulatum
764 3766 981 3820 prorsus
1013 3746 1278 3800 abundare

258 3842 421 3901 puto,
448 3848 613 3901 enque
635 3827 831 3890 deleta,
855 3827 974 3898 lego
991 3846 1124 3900 quem
1141 3830 1192 3878 in
1213 3826 1282 3877 lo-

259 3929 396 3972 cum,
428 3922 518 3963 etc.
550 3909 788 3961 Romanas
819 3910 1041 3958 missuros
1066 3909 1279 3977 sca-Pica·

260 4002 408 4042 ntur.
440 3988 523 4042 Ne
545 4007 673 4041 vero
695 3988 794 4041 soli
815 4005 945 4039 meae
968 3988 1282 4056 conjectnrae

255 4067 425 4123 fidem
444 4066 564 4133 des,
580 4087 695 4121 33111
707 4066 902 4121 dines-te
914 4066 1127 4118 firmant
1140 4066 1283 4118 Bon·

261 4167 399 4220 gart.
431 4161 536 4202 tres
562 4146 719 4202 codd.
741 4147 918 4200 Petam
950 4145 1164 4198 Not-vie.
1185 4145 1286 4196 Lo-

262 4247 385 4283 vnn.
400 4228 649 4300 Gottorp.
666 4228 746 4281 Ita
765 4227 941 4279 Davis.
962 4225 1154 4277 Noster
1166 4221 1283 4276 cod.

263 4308 538 4381 nntiquiu.
553 4307 736 4387 &763
782 4322 968 4363 vocem
1000 4302 1288 4374 pobulatm

1358 3361 1602 3420 tutumque
1621 3348 2123 3421 quempabulaton'bus
2137 3389 2152 3411 ,
2189 3360 2276 3401 etc.
2309 3348 2380 3401 Et

1359 3433 1473 3500 ejus
1514 3427 1935 3482 emendationem
1984 3428 2150 3480 secuti
2198 3446 2379 3481 snmus

1360 3526 1484 3560 cum
1531 3509 1830 3580 Bipontinis
1857 3506 2165 3561 editoribus.

1444 3594 1496 3651 4.
1508 3587 1764 3640 Proesidia.
1776 3587 1957 3640 Nostri
1966 3585 2121 3640 codd.
2130 3587 2378 3658 pra-sidio.

1364 3666 1488 3719 Non
1514 3667 1650 3719 male
1681 3680 1838 3719 certe.

1450 3745 1499 3797 5.
1521 3747 1727 3798 Auxilia
1746 3747 1858 3797 levis
1876 3756 2147 3797 armatur-ce.
2169 3744 2381 3817 Vulgat-

1366 3837 1417 3878 et
1455 3823 1612 3877 codd.
1657 3825 1900 3878 nonnulli
1921 3825 2169 3896 praesidia.
2202 3824 2387 3878 'Minus

1367 3905 1534 3969 bene,
1551 3917 1775 3977 propter
1801 3922 1985 3956 vocem
2010 3904 2242 3975 proesae‘de'a
2276 3907 2386 3975 jam

1365 3983 1527 4056 poulo
1559 4003 1717 4056 supra
1747 3985 2090 4037 enunciatam.

1450 4065 1579 4117 Cn.
1600 4062 1807 4115 XVIII.
1842 4080 1889 4116 1.
1915 4062 2059 4115 Silvis
2076 4062 2282 4135 undiqtoe
2299 4066 2386 4114 im-

1366 4143 1670 4215 peditissimis
1693 4155 1781 4194 aut
1812 4142 2041 4194 altissimo
2052 4141 2257 4215 fhmu’ne
2291 4162 2390 4194 mu·

1374 4228 1539 4275 uirum.
1586 4223 1667 4274 Ita
1706 4222 1896 4294 optimi
1925 4219 2130 4274 codices
2170 4234 2223 4273 et
2262 4222 2390 4294 neg.

1382 4304 1550 4372 ⁵76⁴·
1570 4302 1675 4356 Alii
1689 4303 2194 4373 ,interquosnoster
2212 4301 2390 4372 5763:
