<?xml version="1.0" encoding="UTF-8"?>
<!DOCTYPE html PUBLIC "-//W3C//DTD XHTML 1.0 Transitional//EN"
    "http://www.w3.org/TR/xhtml1/DTD/xhtml1-transitional.dtd">
<html xmlns="http://www.w3.org/1999/xhtml" xml:lang="en" lang="en">
 <head>
  <title>
</title>
<meta http-equiv="Content-Type" content="text/html;charset=utf-8" />
  <meta name='ocr-system' content='tesseract 3.04.00' />
  <meta name='ocr-capabilities' content='ocr_page ocr_carea ocr_par ocr_line ocrx_word'/>
</head>
<body>
  <div class='ocr_page' id='page_1' title='image "./caesaradbodices00caesgoog_0439.png"; bbox 0 0 3111 5147; ppageno 0'>
   <div class='ocr_carea' id='block_1_1' title="bbox 975 525 2389 654">
    <p class='ocr_par' dir='ltr' id='par_1_1' title="bbox 975 525 2389 654">
     <span class='ocr_line' id='line_1_1' title="bbox 975 525 2389 654; baseline 0.004 -20"><span class='ocrx_word' id='word_1_1' title='bbox 975 565 1702 634; x_wconf 72' lang='lat' dir='ltr'><strong>mssERTATIo.</strong></span> <span class='ocrx_word' id='word_1_2' title='bbox 1770 525 1775 530; x_wconf 68' lang='grc'><strong>’</strong></span> <span class='ocrx_word' id='word_1_3' title='bbox 2248 571 2389 654; x_wconf 78' lang='lat'><strong>401</strong></span> 
     </span>
    </p>
   </div>
   <div class='ocr_carea' id='block_1_2' title="bbox 319 719 2352 924">
    <p class='ocr_par' dir='ltr' id='par_1_2' title="bbox 319 719 2352 924">
     <span class='ocr_line' id='line_1_2' title="bbox 319 719 2352 820; baseline 0.002 -28"><span class='ocrx_word' id='word_1_4' title='bbox 319 721 592 792; x_wconf 84' lang='lat' dir='ltr'><strong>Librum</strong></span> <span class='ocrx_word' id='word_1_5' title='bbox 633 723 852 790; x_wconf 77' lang='lat' dir='ltr'><strong>Hirtii</strong></span> <span class='ocrx_word' id='word_1_6' title='bbox 885 719 973 790; x_wconf 84' lang='lat' dir='ltr'><strong>de</strong></span> <span class='ocrx_word' id='word_1_7' title='bbox 1014 719 1190 790; x_wconf 84' lang='lat' dir='ltr'><strong>bello</strong></span> <span class='ocrx_word' id='word_1_8' title='bbox 1221 722 1570 815; x_wconf 71' lang='lat' dir='ltr'><strong>Africano</strong></span> <span class='ocrx_word' id='word_1_9' title='bbox 1605 723 1831 792; x_wconf 78' lang='lat' dir='ltr'><strong>multis</strong></span> <span class='ocrx_word' id='word_1_10' title='bbox 1850 739 2024 820; x_wconf 82' lang='lat' dir='ltr'><strong>post</strong></span> <span class='ocrx_word' id='word_1_11' title='bbox 2053 726 2352 795; x_wconf 78' lang='lat' dir='ltr'><em>Hirtium</em></span> 
     </span>
     <span class='ocr_line' id='line_1_3' title="bbox 532 829 2122 924; baseline 0.001 -28"><span class='ocrx_word' id='word_1_12' title='bbox 532 829 775 897; x_wconf 59' lang='lat' dir='ltr'><strong>seculo</strong></span> <span class='ocrx_word' id='word_1_13' title='bbox 814 829 1250 924; x_wconf 76' lang='lat' dir='ltr'><em>interpolavit</em></span> <span class='ocrx_word' id='word_1_14' title='bbox 1281 829 1499 898; x_wconf 77' lang='lat' dir='ltr'><strong>Iullus</strong></span> <span class='ocrx_word' id='word_1_15' title='bbox 1510 830 1840 923; x_wconf 59' lang='lat' dir='ltr'><strong>firmisse</strong></span> <span class='ocrx_word' id='word_1_16' title='bbox 1876 831 2122 901; x_wconf 69' lang='lat' dir='ltr'><strong>Cebrus.</strong></span> 
     </span>
    </p>
   </div>
   <div class='ocr_carea' id='block_1_3' title="bbox 273 1008 2443 4301">
    <p class='ocr_par' dir='ltr' id='par_1_3' title="bbox 273 1008 2443 4301">
     <span class='ocr_line' id='line_1_4' title="bbox 376 1008 2408 1106; baseline 0.003 -26"><span class='ocrx_word' id='word_1_17' title='bbox 376 1015 466 1080; x_wconf 88' lang='lat' dir='ltr'><strong>Et</strong></span> <span class='ocrx_word' id='word_1_18' title='bbox 503 1026 763 1098; x_wconf 88' lang='lat' dir='ltr'><strong>tamen,</strong></span> <span class='ocrx_word' id='word_1_19' title='bbox 787 1024 1045 1106; x_wconf 79' lang='lat' dir='ltr'><strong>&#39;praeter</strong></span> <span class='ocrx_word' id='word_1_20' title='bbox 1086 1012 1409 1100; x_wconf 86' lang='lat' dir='ltr'>Hirtium,</span> <span class='ocrx_word' id='word_1_21' title='bbox 1440 1010 1641 1080; x_wconf 89' lang='lat' dir='ltr'><strong>alium</strong></span> <span class='ocrx_word' id='word_1_22' title='bbox 1675 1010 1904 1081; x_wconf 87' lang='lat' dir='ltr'><strong>saltem</strong></span> <span class='ocrx_word' id='word_1_23' title='bbox 1949 1008 2147 1083; x_wconf 88' lang='lat' dir='ltr'><strong>fuisse</strong></span> <span class='ocrx_word' id='word_1_24' title='bbox 2182 1031 2408 1088; x_wconf 87' lang='lat' dir='ltr'><strong>censet</strong></span> 
     </span>
     <span class='ocr_line' id='line_1_5' title="bbox 274 1118 2404 1215; baseline 0.003 -28"><span class='ocrx_word' id='word_1_25' title='bbox 274 1134 535 1206; x_wconf 87' lang='lat' dir='ltr'><strong>noster,</strong></span> <span class='ocrx_word' id='word_1_26' title='bbox 562 1119 678 1212; x_wconf 86' lang='lat' dir='ltr'><strong>qui</strong></span> <span class='ocrx_word' id='word_1_27' title='bbox 700 1119 976 1206; x_wconf 63' lang='lat' dir='ltr'><strong>Caesaris</strong></span> <span class='ocrx_word' id='word_1_28' title='bbox 1003 1119 1248 1213; x_wconf 86' lang='lat' dir='ltr'><strong>scripta</strong></span> <span class='ocrx_word' id='word_1_29' title='bbox 1274 1118 1358 1187; x_wconf 91' lang='lat' dir='ltr'><strong>ad</strong></span> <span class='ocrx_word' id='word_1_30' title='bbox 1390 1118 1685 1211; x_wconf 88' lang='lat' dir='ltr'><strong>ejusdem</strong></span> <span class='ocrx_word' id='word_1_31' title='bbox 1712 1119 1957 1188; x_wconf 89' lang='lat' dir='ltr'><strong>caedern</strong></span> <span class='ocrx_word' id='word_1_32' title='bbox 1985 1120 2404 1215; x_wconf 86' lang='lat' dir='ltr'><strong>suppleverit.</strong></span> 
     </span>
     <span class='ocr_line' id='line_1_6' title="bbox 273 1222 2407 1320; baseline 0.002 -25"><span class='ocrx_word' id='word_1_33' title='bbox 273 1229 379 1295; x_wconf 89' lang='lat' dir='ltr'><strong>Ita</strong></span> <span class='ocrx_word' id='word_1_34' title='bbox 412 1239 591 1294; x_wconf 84' lang='lat' dir='ltr'><strong>certe</strong></span> <span class='ocrx_word' id='word_1_35' title='bbox 624 1223 941 1318; x_wconf 87' lang='lat' dir='ltr'><strong>loquitur,</strong></span> <span class='ocrx_word' id='word_1_36' title='bbox 972 1228 1156 1319; x_wconf 84' lang='lat' dir='ltr'>quasi</span> <span class='ocrx_word' id='word_1_37' title='bbox 1194 1222 1424 1293; x_wconf 83' lang='lat' dir='ltr'><strong>saltem</strong></span> <span class='ocrx_word' id='word_1_38' title='bbox 1467 1227 1583 1293; x_wconf 89' lang='lat' dir='ltr'><strong>uni</strong></span> <span class='ocrx_word' id='word_1_39' title='bbox 1617 1224 1838 1320; x_wconf 86' lang='lat' dir='ltr'><strong>plures</strong></span> <span class='ocrx_word' id='word_1_40' title='bbox 1873 1226 2004 1296; x_wconf 91' lang='lat' dir='ltr'><strong>hoc</strong></span> <span class='ocrx_word' id='word_1_41' title='bbox 2049 1226 2221 1296; x_wconf 89' lang='lat' dir='ltr'><strong>idem</strong></span> <span class='ocrx_word' id='word_1_42' title='bbox 2259 1229 2407 1299; x_wconf 85' lang='lat' dir='ltr'><strong>offi-</strong></span> 
     </span>
     <span class='ocr_line' id='line_1_7' title="bbox 275 1329 2412 1431; baseline 0.003 -31"><span class='ocrx_word' id='word_1_43' title='bbox 275 1333 451 1400; x_wconf 92' lang='lat' dir='ltr'><strong>cium</strong></span> <span class='ocrx_word' id='word_1_44' title='bbox 496 1332 930 1426; x_wconf 83' lang='lat' dir='ltr'><strong>praestiterint.</strong></span> <span class='ocrx_word' id='word_1_45' title='bbox 969 1329 1282 1420; x_wconf 73' lang='lat' dir='ltr'><strong>Quonam</strong></span> <span class='ocrx_word' id='word_1_46' title='bbox 1319 1355 1478 1400; x_wconf 86' lang='lat' dir='ltr'><strong>vero</strong></span> <span class='ocrx_word' id='word_1_47' title='bbox 1510 1331 1577 1399; x_wconf 91' lang='lat' dir='ltr'><strong>id</strong></span> <span class='ocrx_word' id='word_1_48' title='bbox 1611 1348 1810 1427; x_wconf 91' lang='lat' dir='ltr'><strong>pacto</strong></span> <span class='ocrx_word' id='word_1_49' title='bbox 1845 1357 2079 1401; x_wconf 86' lang='lat' dir='ltr'><strong>verum</strong></span> <span class='ocrx_word' id='word_1_50' title='bbox 2115 1357 2256 1404; x_wconf 87' lang='lat' dir='ltr'><strong>esse</strong></span> <span class='ocrx_word' id='word_1_51' title='bbox 2290 1361 2412 1431; x_wconf 90' lang='lat' dir='ltr'><strong>po-</strong></span> 
     </span>
     <span class='ocr_line' id='line_1_8' title="bbox 279 1436 2415 1532; baseline 0.003 -26"><span class='ocrx_word' id='word_1_52' title='bbox 279 1439 435 1524; x_wconf 86' lang='lat' dir='ltr'><strong>tuit,</strong></span> <span class='ocrx_word' id='word_1_53' title='bbox 460 1436 780 1532; x_wconf 84' lang='lat' dir='ltr'><strong>siquidem</strong></span> <span class='ocrx_word' id='word_1_54' title='bbox 807 1437 891 1505; x_wconf 90' lang='lat' dir='ltr'><strong>ad</strong></span> <span class='ocrx_word' id='word_1_55' title='bbox 919 1439 1128 1532; x_wconf 84' lang='lat' dir='ltr'><strong>ipsam</strong></span> <span class='ocrx_word' id='word_1_56' title='bbox 1158 1438 1436 1506; x_wconf 86' lang='lat' dir='ltr'><strong>Caesaris</strong></span> <span class='ocrx_word' id='word_1_57' title='bbox 1469 1437 1716 1507; x_wconf 85' lang='lat' dir='ltr'><strong>caedem</strong></span> <span class='ocrx_word' id='word_1_58' title='bbox 1751 1462 1854 1506; x_wconf 89' lang='lat' dir='ltr'><strong>res</strong></span> <span class='ocrx_word' id='word_1_59' title='bbox 1890 1453 2104 1532; x_wconf 85' lang='lat' dir='ltr'><strong>gestas</strong></span> <span class='ocrx_word' id='word_1_60' title='bbox 2135 1442 2415 1514; x_wconf 85' lang='lat' dir='ltr'><strong>Caesaris</strong></span> 
     </span>
     <span class='ocr_line' id='line_1_9' title="bbox 278 1541 2417 1639; baseline 0.002 -27"><span class='ocrx_word' id='word_1_61' title='bbox 278 1544 660 1639; x_wconf 87' lang='lat' dir='ltr'><strong>perduxerit</strong></span> <span class='ocrx_word' id='word_1_62' title='bbox 703 1541 1003 1612; x_wconf 77' lang='lat' dir='ltr'><strong>Hirtius?</strong></span> <span class='ocrx_word' id='word_1_63' title='bbox 1041 1545 1300 1637; x_wconf 82' lang='lat' dir='ltr'>Nempe</span> <span class='ocrx_word' id='word_1_64' title='bbox 1325 1598 1344 1632; x_wconf 94' lang='lat'>‚</span> <span class='ocrx_word' id='word_1_65' title='bbox 1391 1559 1467 1612; x_wconf 91' lang='lat' dir='ltr'><strong>ut</strong></span> <span class='ocrx_word' id='word_1_66' title='bbox 1515 1545 1755 1638; x_wconf 85' lang='lat' dir='ltr'><strong>opinor</strong></span> <span class='ocrx_word' id='word_1_67' title='bbox 1782 1598 1801 1632; x_wconf 94' lang='lat'>‚</span> <span class='ocrx_word' id='word_1_68' title='bbox 1849 1545 2029 1638; x_wconf 89' lang='lat' dir='ltr'><strong>quod</strong></span> <span class='ocrx_word' id='word_1_69' title='bbox 2080 1548 2156 1614; x_wconf 90' lang='lat' dir='ltr'><strong>A.</strong></span> <span class='ocrx_word' id='word_1_70' title='bbox 2217 1550 2417 1618; x_wconf 86' lang='lat' dir='ltr'><strong>Hirtii</strong></span> 
     </span>
     <span class='ocr_line' id='line_1_10' title="bbox 281 1648 2418 1749; baseline 0.002 -30"><span class='ocrx_word' id='word_1_71' title='bbox 281 1649 598 1720; x_wconf 88' lang='lat' dir='ltr'><strong>nonnulla</strong></span> <span class='ocrx_word' id='word_1_72' title='bbox 631 1650 947 1744; x_wconf 89' lang='lat' dir='ltr'><strong>perierint</strong></span> <span class='ocrx_word' id='word_1_73' title='bbox 967 1703 983 1736; x_wconf 91' lang='lat'>,</span> <span class='ocrx_word' id='word_1_74' title='bbox 1015 1648 1317 1744; x_wconf 89' lang='lat' dir='ltr'><strong>suppleta</strong></span> <span class='ocrx_word' id='word_1_75' title='bbox 1347 1675 1387 1718; x_wconf 88' lang='lat' dir='ltr'><strong>a</strong></span> <span class='ocrx_word' id='word_1_76' title='bbox 1418 1653 1454 1718; x_wconf 87' lang='lat' dir='ltr'><strong>J</strong></span> <span class='ocrx_word' id='word_1_77' title='bbox 1458 1648 1593 1718; x_wconf 90' lang='lat' dir='ltr'><strong>ulio</strong></span> <span class='ocrx_word' id='word_1_78' title='bbox 1626 1648 1862 1737; x_wconf 89' lang='lat' dir='ltr'><strong>Celso;</strong></span> <span class='ocrx_word' id='word_1_79' title='bbox 1896 1648 2418 1749; x_wconf 88' lang='lat' dir='ltr'><strong>alienissimaque</strong></span> 
     </span>
     <span class='ocr_line' id='line_1_11' title="bbox 283 1747 2415 1850; baseline 0.002 -25"><span class='ocrx_word' id='word_1_80' title='bbox 283 1758 366 1825; x_wconf 86' lang='lat' dir='ltr'><strong>ab</strong></span> <span class='ocrx_word' id='word_1_81' title='bbox 400 1758 597 1825; x_wconf 86' lang='lat' dir='ltr'><strong>Hirtii</strong></span> <span class='ocrx_word' id='word_1_82' title='bbox 627 1747 847 1825; x_wconf 82' lang='lat' dir='ltr'><strong>mente</strong></span> <span class='ocrx_word' id='word_1_83' title='bbox 885 1758 1206 1824; x_wconf 87' lang='lat' dir='ltr'><strong>sententia</strong></span> <span class='ocrx_word' id='word_1_84' title='bbox 1237 1754 1649 1850; x_wconf 82' lang='lat' dir='ltr'><strong>interpolata.</strong></span> <span class='ocrx_word' id='word_1_85' title='bbox 1690 1754 1872 1825; x_wconf 89' lang='lat' dir='ltr'><strong>Bello</strong></span> <span class='ocrx_word' id='word_1_86' title='bbox 1897 1772 2075 1827; x_wconf 87' lang='lat' dir='ltr'><strong>certe</strong></span> <span class='ocrx_word' id='word_1_87' title='bbox 2101 1758 2415 1830; x_wconf 86' lang='lat' dir='ltr'><strong>Africano</strong></span> 
     </span>
     <span class='ocr_line' id='line_1_12' title="bbox 283 1860 2416 1958; baseline 0.002 -27"><span class='ocrx_word' id='word_1_88' title='bbox 283 1878 478 1958; x_wconf 86' lang='lat' dir='ltr'><strong>atque</strong></span> <span class='ocrx_word' id='word_1_89' title='bbox 503 1864 862 1957; x_wconf 83' lang='lat' dir='ltr'><strong>Hispanico</strong></span> <span class='ocrx_word' id='word_1_90' title='bbox 887 1860 1097 1930; x_wconf 89' lang='lat' dir='ltr'><strong>multa</strong></span> <span class='ocrx_word' id='word_1_91' title='bbox 1122 1861 1426 1957; x_wconf 84' lang='lat' dir='ltr'><strong>legimus,</strong></span> <span class='ocrx_word' id='word_1_92' title='bbox 1449 1886 1597 1957; x_wconf 82' lang='lat' dir='ltr'><strong>quae</strong></span> <span class='ocrx_word' id='word_1_93' title='bbox 1624 1864 1732 1931; x_wconf 83' lang='lat' dir='ltr'><strong>vix</strong></span> <span class='ocrx_word' id='word_1_94' title='bbox 1753 1864 1905 1951; x_wconf 80' lang='lat' dir='ltr'><strong>aevi,</strong></span> <span class='ocrx_word' id='word_1_95' title='bbox 1924 1888 2056 1957; x_wconf 90' lang='lat' dir='ltr'><strong>quo</strong></span> <span class='ocrx_word' id='word_1_96' title='bbox 2079 1865 2243 1933; x_wconf 83' lang='lat' dir='ltr'><strong>vixit</strong></span> <span class='ocrx_word' id='word_1_97' title='bbox 2264 1868 2416 1935; x_wconf 86' lang='lat' dir='ltr'><strong>Hir·</strong></span> 
     </span>
     <span class='ocr_line' id='line_1_13' title="bbox 285 1967 2418 2064; baseline 0.002 -26"><span class='ocrx_word' id='word_1_98' title='bbox 285 1971 411 2038; x_wconf 88' lang='lat' dir='ltr'><strong>tius</strong></span> <span class='ocrx_word' id='word_1_99' title='bbox 423 2023 443 2056; x_wconf 88' lang='lat'>‚</span> <span class='ocrx_word' id='word_1_100' title='bbox 461 1993 602 2037; x_wconf 90' lang='lat' dir='ltr'><strong>esse</strong></span> <span class='ocrx_word' id='word_1_101' title='bbox 621 1970 985 2063; x_wconf 83' lang='lat' dir='ltr'><strong>potuerint,</strong></span> <span class='ocrx_word' id='word_1_102' title='bbox 1003 1967 1248 2036; x_wconf 90' lang='lat' dir='ltr'><strong>nedum</strong></span> <span class='ocrx_word' id='word_1_103' title='bbox 1271 1970 1473 2064; x_wconf 87' lang='lat' dir='ltr'><strong>ipsius</strong></span> <span class='ocrx_word' id='word_1_104' title='bbox 1495 1970 1709 2037; x_wconf 83' lang='lat' dir='ltr'><strong>Hirtii.</strong></span> <span class='ocrx_word' id='word_1_105' title='bbox 1726 1971 1815 2037; x_wconf 90' lang='lat' dir='ltr'><strong>Et</strong></span> <span class='ocrx_word' id='word_1_106' title='bbox 1834 1971 2211 2040; x_wconf 86' lang='lat' dir='ltr'><strong>tamenvice</strong></span> <span class='ocrx_word' id='word_1_107' title='bbox 2227 1996 2418 2042; x_wconf 86' lang='lat' dir='ltr'><strong>versa</strong></span> 
     </span>
     <span class='ocr_line' id='line_1_14' title="bbox 286 2072 2421 2169; baseline 0.002 -26"><span class='ocrx_word' id='word_1_108' title='bbox 286 2073 604 2144; x_wconf 90' lang='lat' dir='ltr'><strong>nonnulla</strong></span> <span class='ocrx_word' id='word_1_109' title='bbox 622 2127 641 2162; x_wconf 78' lang='lat'><strong><em>‚</em></strong></span> <span class='ocrx_word' id='word_1_110' title='bbox 672 2099 818 2169; x_wconf 86' lang='lat' dir='ltr'><strong>quae</strong></span> <span class='ocrx_word' id='word_1_111' title='bbox 845 2097 1143 2145; x_wconf 82' lang='lat' dir='ltr'><strong>coaevum</strong></span> <span class='ocrx_word' id='word_1_112' title='bbox 1176 2072 1417 2169; x_wconf 86' lang='lat' dir='ltr'><strong>stylum</strong></span> <span class='ocrx_word' id='word_1_113' title='bbox 1446 2076 1742 2168; x_wconf 83' lang='lat' dir='ltr'><strong>sapiant,</strong></span> <span class='ocrx_word' id='word_1_114' title='bbox 1774 2099 1910 2143; x_wconf 88' lang='lat' dir='ltr'><strong>non</strong></span> <span class='ocrx_word' id='word_1_115' title='bbox 1940 2091 2161 2145; x_wconf 89' lang='lat' dir='ltr'><strong>autem</strong></span> <span class='ocrx_word' id='word_1_116' title='bbox 2198 2075 2382 2147; x_wconf 86' lang='lat' dir='ltr'><strong>illurn</strong></span> <span class='ocrx_word' id='word_1_117' title='bbox 2400 2132 2421 2169; x_wconf 90' lang='lat'><strong><em>‚</em></strong></span> 
     </span>
     <span class='ocr_line' id='line_1_15' title="bbox 287 2180 2423 2276; baseline 0.002 -27"><span class='ocrx_word' id='word_1_118' title='bbox 287 2183 402 2276; x_wconf 88' lang='lat' dir='ltr'><strong>qui</strong></span> <span class='ocrx_word' id='word_1_119' title='bbox 425 2206 465 2249; x_wconf 87' lang='lat' dir='ltr'><strong>a</strong></span> <span class='ocrx_word' id='word_1_120' title='bbox 480 2183 741 2275; x_wconf 83' lang='lat' dir='ltr'><strong>juniore</strong></span> <span class='ocrx_word' id='word_1_121' title='bbox 771 2180 968 2250; x_wconf 86' lang='lat' dir='ltr'><strong>fuerit</strong></span> <span class='ocrx_word' id='word_1_122' title='bbox 998 2180 1485 2274; x_wconf 82' lang='lat' dir='ltr'><strong>interpolatore.</strong></span> <span class='ocrx_word' id='word_1_123' title='bbox 1517 2181 1620 2248; x_wconf 87' lang='lat' dir='ltr'><strong>Ab</strong></span> <span class='ocrx_word' id='word_1_124' title='bbox 1650 2182 1847 2249; x_wconf 82' lang='lat' dir='ltr'><strong>Hirtii</strong></span> <span class='ocrx_word' id='word_1_125' title='bbox 1875 2183 2071 2250; x_wconf 88' lang='lat' dir='ltr'><strong>etiarn</strong></span> <span class='ocrx_word' id='word_1_126' title='bbox 2102 2180 2205 2251; x_wconf 86' lang='lat' dir='ltr'><strong>vel</strong></span> <span class='ocrx_word' id='word_1_127' title='bbox 2232 2198 2423 2253; x_wconf 83' lang='lat' dir='ltr'><strong>aetate</strong></span> 
     </span>
     <span class='ocr_line' id='line_1_16' title="bbox 289 2286 2424 2384; baseline 0.001 -28"><span class='ocrx_word' id='word_1_128' title='bbox 289 2291 358 2356; x_wconf 90' lang='lat' dir='ltr'><strong>in</strong></span> <span class='ocrx_word' id='word_1_129' title='bbox 391 2286 557 2357; x_wconf 87' lang='lat' dir='ltr'><strong>libro</strong></span> <span class='ocrx_word' id='word_1_130' title='bbox 591 2287 675 2357; x_wconf 90' lang='lat' dir='ltr'><strong>de</strong></span> <span class='ocrx_word' id='word_1_131' title='bbox 713 2286 887 2356; x_wconf 90' lang='lat' dir='ltr'><strong>bello</strong></span> <span class='ocrx_word' id='word_1_132' title='bbox 927 2286 1240 2357; x_wconf 86' lang='lat' dir='ltr'><strong>Africano</strong></span> <span class='ocrx_word' id='word_1_133' title='bbox 1271 2286 1588 2356; x_wconf 85' lang='lat' dir='ltr'><strong>abhorret</strong></span> <span class='ocrx_word' id='word_1_134' title='bbox 1618 2310 1776 2356; x_wconf 86' lang='lat' dir='ltr'><strong>usus</strong></span> <span class='ocrx_word' id='word_1_135' title='bbox 1808 2289 1989 2356; x_wconf 86' lang='lat' dir='ltr'><strong>vocis</strong></span> <span class='ocrx_word' id='word_1_136' title='bbox 2022 2294 2424 2384; x_wconf 75' lang='lat' dir='ltr'><strong>imperator,</strong></span> 
     </span>
     <span class='ocr_line' id='line_1_17' title="bbox 286 2394 2426 2491; baseline 0.001 -28"><span class='ocrx_word' id='word_1_137' title='bbox 286 2419 420 2490; x_wconf 85' lang='lat' dir='ltr'><strong>quo</strong></span> <span class='ocrx_word' id='word_1_138' title='bbox 456 2418 628 2489; x_wconf 81' lang='lat' dir='ltr'><strong>saepe</strong></span> <span class='ocrx_word' id='word_1_139' title='bbox 663 2394 1097 2489; x_wconf 86' lang='lat' dir='ltr'><strong>disceptatum</strong></span> <span class='ocrx_word' id='word_1_140' title='bbox 1135 2394 1293 2463; x_wconf 88' lang='lat' dir='ltr'><strong>dicit</strong></span> <span class='ocrx_word' id='word_1_141' title='bbox 1333 2408 1605 2482; x_wconf 85' lang='lat' dir='ltr'><strong>auctor,</strong></span> <span class='ocrx_word' id='word_1_142' title='bbox 1636 2394 1778 2489; x_wconf 87' lang='lat' dir='ltr'><strong>quis</strong></span> <span class='ocrx_word' id='word_1_143' title='bbox 1821 2408 1991 2463; x_wconf 89' lang='lat' dir='ltr'><strong>esset</strong></span> <span class='ocrx_word' id='word_1_144' title='bbox 2033 2419 2155 2488; x_wconf 89' lang='lat' dir='ltr'><strong>pro</strong></span> <span class='ocrx_word' id='word_1_145' title='bbox 2193 2395 2426 2491; x_wconf 90' lang='lat' dir='ltr'><strong>populi</strong></span> 
     </span>
     <span class='ocr_line' id='line_1_18' title="bbox 287 2500 2427 2597; baseline 0 -27"><span class='ocrx_word' id='word_1_146' title='bbox 287 2503 545 2570; x_wconf 87' lang='lat' dir='ltr'><strong>romani</strong></span> <span class='ocrx_word' id='word_1_147' title='bbox 589 2503 984 2597; x_wconf 85' lang='lat' dir='ltr'><strong>imperatore</strong></span> <span class='ocrx_word' id='word_1_148' title='bbox 1029 2500 1483 2596; x_wconf 85' lang='lat' dir='ltr'><strong>agnoscendus</strong></span> <span class='ocrx_word' id='word_1_149' title='bbox 1501 2553 1523 2588; x_wconf 82' lang='lat'>‚</span> <span class='ocrx_word' id='word_1_150' title='bbox 1567 2502 1792 2570; x_wconf 84' lang='lat' dir='ltr'><strong>Caesar</strong></span> <span class='ocrx_word' id='word_1_151' title='bbox 1826 2524 1912 2568; x_wconf 91' lang='lat' dir='ltr'><strong>an</strong></span> <span class='ocrx_word' id='word_1_152' title='bbox 1945 2502 2182 2596; x_wconf 90' lang='lat' dir='ltr'><strong>Scipio.</strong></span> <span class='ocrx_word' id='word_1_153' title='bbox 2216 2502 2427 2592; x_wconf 87' lang='lat' dir='ltr'><strong>Quasi</strong></span> 
     </span>
     <span class='ocr_line' id='line_1_19' title="bbox 289 2607 2425 2703; baseline 0 -26"><span class='ocrx_word' id='word_1_154' title='bbox 289 2611 602 2679; x_wconf 90' lang='lat' dir='ltr'><strong>nimirum</strong></span> <span class='ocrx_word' id='word_1_155' title='bbox 631 2611 865 2677; x_wconf 89' lang='lat' dir='ltr'><strong>unicus</strong></span> <span class='ocrx_word' id='word_1_156' title='bbox 889 2623 1060 2678; x_wconf 89' lang='lat' dir='ltr'><strong>esset</strong></span> <span class='ocrx_word' id='word_1_157' title='bbox 1092 2607 1319 2703; x_wconf 91' lang='lat' dir='ltr'><strong>populi</strong></span> <span class='ocrx_word' id='word_1_158' title='bbox 1342 2608 1628 2696; x_wconf 85' lang='lat' dir='ltr'><strong>romani,</strong></span> <span class='ocrx_word' id='word_1_159' title='bbox 1654 2621 1730 2675; x_wconf 88' lang='lat' dir='ltr'><strong>ut</strong></span> <span class='ocrx_word' id='word_1_160' title='bbox 1752 2622 2012 2703; x_wconf 88' lang='lat' dir='ltr'><strong>postea,</strong></span> <span class='ocrx_word' id='word_1_161' title='bbox 2036 2610 2425 2703; x_wconf 87' lang='lat' dir='ltr'><strong>imperator,</strong></span> 
     </span>
     <span class='ocr_line' id='line_1_20' title="bbox 290 2713 2428 2811; baseline 0.001 -28"><span class='ocrx_word' id='word_1_162' title='bbox 290 2718 404 2811; x_wconf 89' lang='lat' dir='ltr'><strong>qui</strong></span> <span class='ocrx_word' id='word_1_163' title='bbox 447 2717 542 2783; x_wconf 87' lang='lat' dir='ltr'><strong>rei</strong></span> <span class='ocrx_word' id='word_1_164' title='bbox 586 2740 859 2784; x_wconf 65' lang='lat' dir='ltr'><strong>summae</strong></span> <span class='ocrx_word' id='word_1_165' title='bbox 900 2730 1225 2811; x_wconf 84' lang='lat' dir='ltr'><strong>praeesset.</strong></span> <span class='ocrx_word' id='word_1_166' title='bbox 1272 2717 1420 2784; x_wconf 90' lang='lat' dir='ltr'><strong>Hoc</strong></span> <span class='ocrx_word' id='word_1_167' title='bbox 1466 2729 1687 2783; x_wconf 88' lang='lat' dir='ltr'><strong>autem</strong></span> <span class='ocrx_word' id='word_1_168' title='bbox 1718 2713 1957 2784; x_wconf 84' lang='lat' dir='ltr'><strong>saeculo</strong></span> <span class='ocrx_word' id='word_1_169' title='bbox 2001 2716 2113 2807; x_wconf 87' lang='lat' dir='ltr'><strong>qui</strong></span> <span class='ocrx_word' id='word_1_170' title='bbox 2158 2715 2428 2810; x_wconf 82' lang='lat' dir='ltr'><strong>singulis</strong></span> 
     </span>
     <span class='ocr_line' id='line_1_21' title="bbox 292 2819 2428 2914; baseline 0 -24"><span class='ocrx_word' id='word_1_171' title='bbox 292 2842 583 2891; x_wconf 86' lang='lat' dir='ltr'><strong>romanae</strong></span> <span class='ocrx_word' id='word_1_172' title='bbox 617 2819 901 2890; x_wconf 86' lang='lat' dir='ltr'><strong>&#39;ditionis</strong></span> <span class='ocrx_word' id='word_1_173' title='bbox 949 2822 1301 2914; x_wconf 77' lang='lat' dir='ltr'><strong>provinciis</strong></span> <span class='ocrx_word' id='word_1_174' title='bbox 1351 2834 1680 2914; x_wconf 84' lang='lat' dir='ltr'><strong>praeerant</strong></span> <span class='ocrx_word' id='word_1_175' title='bbox 1733 2845 1886 2889; x_wconf 89' lang='lat' dir='ltr'><strong>cum</strong></span> <span class='ocrx_word' id='word_1_176' title='bbox 1935 2821 2213 2914; x_wconf 89' lang='lat' dir='ltr'><strong>imperio</strong></span> <span class='ocrx_word' id='word_1_177' title='bbox 2237 2874 2258 2909; x_wconf 88' lang='lat'>,</span> <span class='ocrx_word' id='word_1_178' title='bbox 2311 2847 2428 2891; x_wconf 91' lang='lat' dir='ltr'><strong>seu</strong></span> 
     </span>
     <span class='ocr_line' id='line_1_22' title="bbox 295 2925 2431 3022; baseline -0.001 -23"><span class='ocrx_word' id='word_1_179' title='bbox 295 2954 447 2999; x_wconf 89' lang='lat' dir='ltr'><strong>cum</strong></span> <span class='ocrx_word' id='word_1_180' title='bbox 469 2928 619 3021; x_wconf 86' lang='lat' dir='ltr'><strong>jure</strong></span> <span class='ocrx_word' id='word_1_181' title='bbox 654 2926 852 3022; x_wconf 85' lang='lat' dir='ltr'><strong>gladii</strong></span> <span class='ocrx_word' id='word_1_182' title='bbox 871 2982 890 3014; x_wconf 87' lang='lat'>‚</span> <span class='ocrx_word' id='word_1_183' title='bbox 920 2930 964 2995; x_wconf 92' lang='lat' dir='ltr'><strong>ii</strong></span> <span class='ocrx_word' id='word_1_184' title='bbox 996 2929 1425 3022; x_wconf 88' lang='lat' dir='ltr'><strong>imperatores</strong></span> <span class='ocrx_word' id='word_1_185' title='bbox 1452 2925 1885 2994; x_wconf 86' lang='lat' dir='ltr'><strong>habebantur.</strong></span> <span class='ocrx_word' id='word_1_186' title='bbox 1918 2927 2049 2994; x_wconf 78' lang='lat' dir='ltr'><strong>vix</strong></span> <span class='ocrx_word' id='word_1_187' title='bbox 2075 2940 2295 2995; x_wconf 89' lang='lat' dir='ltr'><strong>tamen</strong></span> <span class='ocrx_word' id='word_1_188' title='bbox 2336 2930 2431 2997; x_wconf 90' lang='lat' dir='ltr'><strong>ita</strong></span> 
     </span>
     <span class='ocr_line' id='line_1_23' title="bbox 293 3031 2429 3131; baseline -0.001 -27"><span class='ocrx_word' id='word_1_189' title='bbox 293 3032 795 3131; x_wconf 83' lang='lat' dir='ltr'><strong>appellabantur</strong></span> <span class='ocrx_word' id='word_1_190' title='bbox 814 3087 835 3121; x_wconf 84' lang='lat'>‚</span> <span class='ocrx_word' id='word_1_191' title='bbox 862 3035 986 3102; x_wconf 88' lang='lat' dir='ltr'><strong>nisi</strong></span> <span class='ocrx_word' id='word_1_192' title='bbox 1017 3033 1106 3101; x_wconf 94' lang='lat' dir='ltr'><strong>ob</strong></span> <span class='ocrx_word' id='word_1_193' title='bbox 1150 3057 1254 3101; x_wconf 90' lang='lat' dir='ltr'><strong>res</strong></span> <span class='ocrx_word' id='word_1_194' title='bbox 1289 3047 1503 3128; x_wconf 83' lang='lat' dir='ltr'><strong>gestas</strong></span> <span class='ocrx_word' id='word_1_195' title='bbox 1546 3034 1973 3124; x_wconf 88' lang='lat' dir='ltr'><strong>imperatores</strong></span> <span class='ocrx_word' id='word_1_196' title='bbox 2009 3031 2095 3098; x_wconf 84' lang='lat' dir='ltr'><strong>ab</strong></span> <span class='ocrx_word' id='word_1_197' title='bbox 2137 3035 2429 3102; x_wconf 86' lang='lat' dir='ltr'><strong>exercitu</strong></span> 
     </span>
     <span class='ocr_line' id='line_1_24' title="bbox 295 3138 2429 3233; baseline -0.002 -22"><span class='ocrx_word' id='word_1_198' title='bbox 295 3141 573 3211; x_wconf 85' lang='lat' dir='ltr'><strong>fuissent</strong></span> <span class='ocrx_word' id='word_1_199' title='bbox 594 3140 954 3210; x_wconf 86' lang='lat' dir='ltr'><strong>acclamati.</strong></span> <span class='ocrx_word' id='word_1_200' title='bbox 976 3141 1084 3208; x_wconf 88' lang='lat' dir='ltr'><strong>Sic</strong></span> <span class='ocrx_word' id='word_1_201' title='bbox 1104 3152 1323 3207; x_wconf 86' lang='lat' dir='ltr'><strong>autem</strong></span> <span class='ocrx_word' id='word_1_202' title='bbox 1346 3140 1677 3208; x_wconf 86' lang='lat' dir='ltr'><strong>Caesarem</strong></span> <span class='ocrx_word' id='word_1_203' title='bbox 1699 3138 2164 3232; x_wconf 85' lang='lat' dir='ltr'><strong>imperatorem</strong></span> <span class='ocrx_word' id='word_1_204' title='bbox 2183 3162 2266 3206; x_wconf 90' lang='lat' dir='ltr'><strong>ne</strong></span> <span class='ocrx_word' id='word_1_205' title='bbox 2286 3140 2429 3233; x_wconf 89' lang='lat' dir='ltr'><strong>qui-</strong></span> 
     </span>
     <span class='ocr_line' id='line_1_25' title="bbox 295 3242 2428 3343; baseline -0.002 -27"><span class='ocrx_word' id='word_1_206' title='bbox 295 3248 449 3317; x_wconf 89' lang='lat' dir='ltr'><strong>dem</strong></span> <span class='ocrx_word' id='word_1_207' title='bbox 477 3262 787 3343; x_wconf 88' lang='lat' dir='ltr'><strong>poterant</strong></span> <span class='ocrx_word' id='word_1_208' title='bbox 813 3270 1055 3340; x_wconf 84' lang='lat' dir='ltr'><strong>negare</strong></span> <span class='ocrx_word' id='word_1_209' title='bbox 1071 3246 1486 3339; x_wconf 87' lang='lat' dir='ltr'><strong>Pompeiani,</strong></span> <span class='ocrx_word' id='word_1_210' title='bbox 1507 3245 1617 3312; x_wconf 76' lang='lat' dir='ltr'><strong>cui</strong></span> <span class='ocrx_word' id='word_1_211' title='bbox 1633 3242 1960 3312; x_wconf 88' lang='lat' dir='ltr'><strong>dictatura</strong></span> <span class='ocrx_word' id='word_1_212' title='bbox 1979 3243 2194 3312; x_wconf 87' lang='lat' dir='ltr'><strong>fuerat</strong></span> <span class='ocrx_word' id='word_1_213' title='bbox 2217 3269 2253 3312; x_wconf 92' lang='lat' dir='ltr'><strong>e</strong></span> <span class='ocrx_word' id='word_1_214' title='bbox 2283 3269 2428 3313; x_wconf 90' lang='lat' dir='ltr'><strong>sen-</strong></span> 
     </span>
     <span class='ocr_line' id='line_1_26' title="bbox 295 3347 2431 3448; baseline -0.003 -25"><span class='ocrx_word' id='word_1_215' title='bbox 295 3356 502 3423; x_wconf 83' lang='lat' dir='ltr'><strong>tentia</strong></span> <span class='ocrx_word' id='word_1_216' title='bbox 533 3356 814 3423; x_wconf 85' lang='lat' dir='ltr'><strong>Senatus</strong></span> <span class='ocrx_word' id='word_1_217' title='bbox 856 3349 1214 3448; x_wconf 89' lang='lat' dir='ltr'><strong>populique</strong></span> <span class='ocrx_word' id='word_1_218' title='bbox 1259 3351 1515 3419; x_wconf 89' lang='lat' dir='ltr'><strong>romani</strong></span> <span class='ocrx_word' id='word_1_219' title='bbox 1559 3347 1805 3438; x_wconf 86' lang='lat' dir='ltr'><strong>delata;</strong></span> <span class='ocrx_word' id='word_1_220' title='bbox 1834 3352 2078 3445; x_wconf 87' lang='lat' dir='ltr'><strong>quippe</strong></span> <span class='ocrx_word' id='word_1_221' title='bbox 2121 3352 2317 3418; x_wconf 89' lang='lat' dir='ltr'><strong>etiam</strong></span> <span class='ocrx_word' id='word_1_222' title='bbox 2345 3350 2431 3418; x_wconf 89' lang='lat' dir='ltr'><strong>ab</strong></span> 
     </span>
     <span class='ocr_line' id='line_1_27' title="bbox 296 3454 2434 3554; baseline -0.002 -25"><span class='ocrx_word' id='word_1_223' title='bbox 296 3462 591 3531; x_wconf 84' lang='lat' dir='ltr'><strong>exercitu</strong></span> <span class='ocrx_word' id='word_1_224' title='bbox 631 3462 990 3554; x_wconf 87' lang='lat' dir='ltr'><strong>imperator</strong></span> <span class='ocrx_word' id='word_1_225' title='bbox 1030 3458 1259 3527; x_wconf 81' lang='lat' dir='ltr'><strong>fuisset</strong></span> <span class='ocrx_word' id='word_1_226' title='bbox 1293 3454 1676 3551; x_wconf 86' lang='lat' dir='ltr'><strong>appellatus.</strong></span> <span class='ocrx_word' id='word_1_227' title='bbox 1712 3456 1841 3525; x_wconf 88' lang='lat' dir='ltr'><strong>Sed</strong></span> <span class='ocrx_word' id='word_1_228' title='bbox 1874 3481 1995 3525; x_wconf 92' lang='lat' dir='ltr'><strong>nec</strong></span> <span class='ocrx_word' id='word_1_229' title='bbox 2027 3454 2187 3524; x_wconf 89' lang='lat' dir='ltr'><strong>illud</strong></span> <span class='ocrx_word' id='word_1_230' title='bbox 2228 3459 2434 3526; x_wconf 79' lang='lat' dir='ltr'><strong>coaevi</strong></span> 
     </span>
     <span class='ocr_line' id='line_1_28' title="bbox 297 3561 2435 3660; baseline -0.002 -23"><span class='ocrx_word' id='word_1_231' title='bbox 297 3567 499 3637; x_wconf 86' lang='lat' dir='ltr'><strong>fuisse</strong></span> <span class='ocrx_word' id='word_1_232' title='bbox 535 3567 798 3636; x_wconf 86' lang='lat' dir='ltr'><strong>videtur</strong></span> <span class='ocrx_word' id='word_1_233' title='bbox 820 3619 841 3655; x_wconf 89' lang='lat'>‚</span> <span class='ocrx_word' id='word_1_234' title='bbox 870 3564 1050 3660; x_wconf 92' lang='lat' dir='ltr'><strong>quod</strong></span> <span class='ocrx_word' id='word_1_235' title='bbox 1085 3588 1309 3633; x_wconf 89' lang='lat' dir='ltr'><strong>mense</strong></span> <span class='ocrx_word' id='word_1_236' title='bbox 1341 3588 1474 3657; x_wconf 89' lang='lat' dir='ltr'><strong>quo</strong></span> <span class='ocrx_word' id='word_1_237' title='bbox 1503 3566 1728 3633; x_wconf 83' lang='lat' dir='ltr'><strong>Caesar</strong></span> <span class='ocrx_word' id='word_1_238' title='bbox 1756 3565 1825 3630; x_wconf 91' lang='lat' dir='ltr'><strong>in</strong></span> <span class='ocrx_word' id='word_1_239' title='bbox 1851 3563 2142 3631; x_wconf 88' lang='lat' dir='ltr'><strong>Africam</strong></span> <span class='ocrx_word' id='word_1_240' title='bbox 2179 3561 2435 3658; x_wconf 89' lang='lat' dir='ltr'><strong>appulit</strong></span> 
     </span>
     <span class='ocr_line' id='line_1_29' title="bbox 298 3668 2435 3764; baseline -0.003 -21"><span class='ocrx_word' id='word_1_241' title='bbox 298 3675 613 3743; x_wconf 79' lang='lat' dir='ltr'><strong>Ianuario</strong></span> <span class='ocrx_word' id='word_1_242' title='bbox 642 3727 662 3761; x_wconf 88' lang='lat'><strong><em>,</em></strong></span> <span class='ocrx_word' id='word_1_243' title='bbox 701 3673 928 3741; x_wconf 86' lang='lat' dir='ltr'><strong>scribit</strong></span> <span class='ocrx_word' id='word_1_244' title='bbox 966 3685 1199 3740; x_wconf 87' lang='lat' dir='ltr'><strong>auctor</strong></span> <span class='ocrx_word' id='word_1_245' title='bbox 1241 3695 1360 3764; x_wconf 88' lang='lat' dir='ltr'><strong>per</strong></span> <span class='ocrx_word' id='word_1_246' title='bbox 1396 3672 1551 3737; x_wconf 90' lang='lat' dir='ltr'><strong>anni</strong></span> <span class='ocrx_word' id='word_1_247' title='bbox 1586 3684 1846 3764; x_wconf 88' lang='lat' dir='ltr'><strong>tempus</strong></span> <span class='ocrx_word' id='word_1_248' title='bbox 1891 3671 1960 3737; x_wconf 92' lang='lat' dir='ltr'><strong>in</strong></span> <span class='ocrx_word' id='word_1_249' title='bbox 1992 3670 2156 3739; x_wconf 90' lang='lat' dir='ltr'><strong>mari</strong></span> <span class='ocrx_word' id='word_1_250' title='bbox 2197 3668 2435 3738; x_wconf 87' lang='lat' dir='ltr'><strong>classes</strong></span> 
     </span>
     <span class='ocr_line' id='line_1_30' title="bbox 301 3772 2437 3875; baseline -0.003 -26"><span class='ocrx_word' id='word_1_251' title='bbox 301 3782 441 3849; x_wconf 85' lang='lat' dir='ltr'><strong>sine</strong></span> <span class='ocrx_word' id='word_1_252' title='bbox 463 3778 758 3875; x_wconf 90' lang='lat' dir='ltr'><strong>periculo</strong></span> <span class='ocrx_word' id='word_1_253' title='bbox 781 3781 1007 3874; x_wconf 83' lang='lat' dir='ltr'><strong>vagari</strong></span> <span class='ocrx_word' id='word_1_254' title='bbox 1036 3802 1172 3847; x_wconf 91' lang='lat' dir='ltr'><strong>non</strong></span> <span class='ocrx_word' id='word_1_255' title='bbox 1194 3778 1502 3872; x_wconf 84' lang='lat' dir='ltr'><strong>potuisse.</strong></span> <span class='ocrx_word' id='word_1_256' title='bbox 1533 3775 1845 3844; x_wconf 88' lang='lat' dir='ltr'><strong>Octobris</strong></span> <span class='ocrx_word' id='word_1_257' title='bbox 1867 3777 2041 3844; x_wconf 89' lang='lat' dir='ltr'><strong>enim</strong></span> <span class='ocrx_word' id='word_1_258' title='bbox 2062 3778 2100 3844; x_wconf 87' lang='lat' dir='ltr'>J</span> <span class='ocrx_word' id='word_1_259' title='bbox 2102 3772 2303 3844; x_wconf 86' lang='lat' dir='ltr'><strong>uliani</strong></span> <span class='ocrx_word' id='word_1_260' title='bbox 2332 3774 2437 3843; x_wconf 90' lang='lat' dir='ltr'><strong>die</strong></span> 
     </span>
     <span class='ocr_line' id='line_1_31' title="bbox 301 3880 2438 3981; baseline -0.003 -25"><span class='ocrx_word' id='word_1_261' title='bbox 301 3888 475 3956; x_wconf 85' lang='lat' dir='ltr'>XIII</span> <span class='ocrx_word' id='word_1_262' title='bbox 519 3887 719 3981; x_wconf 88' lang='lat' dir='ltr'><strong>coepit</strong></span> <span class='ocrx_word' id='word_1_263' title='bbox 760 3887 916 3954; x_wconf 91' lang='lat' dir='ltr'><strong>anni</strong></span> <span class='ocrx_word' id='word_1_264' title='bbox 956 3884 1357 3954; x_wconf 87' lang='lat' dir='ltr'><strong>confusionis</strong></span> <span class='ocrx_word' id='word_1_265' title='bbox 1403 3882 1553 3977; x_wconf 87' lang='lat'><strong>708</strong></span> <span class='ocrx_word' id='word_1_266' title='bbox 1585 3880 1692 3950; x_wconf 89' lang='lat' dir='ltr'><strong>ille</strong></span> <span class='ocrx_word' id='word_1_267' title='bbox 1716 3884 2067 3950; x_wconf 77' lang='lat' dir='ltr'><strong>Ianuarius</strong></span> <span class='ocrx_word' id='word_1_268' title='bbox 2092 3935 2111 3967; x_wconf 92' lang='lat'>,</span> <span class='ocrx_word' id='word_1_269' title='bbox 2154 3883 2438 3975; x_wconf 83' lang='lat' dir='ltr'><strong>exiitque</strong></span> 
     </span>
     <span class='ocr_line' id='line_1_32' title="bbox 306 3988 2437 4086; baseline -0.002 -25"><span class='ocrx_word' id='word_1_270' title='bbox 306 4007 460 4061; x_wconf 86' lang='lat' dir='ltr'><strong>ante</strong></span> <span class='ocrx_word' id='word_1_271' title='bbox 493 3994 667 4063; x_wconf 87' lang='lat' dir='ltr'><strong>Nov.</strong></span> <span class='ocrx_word' id='word_1_272' title='bbox 700 3994 799 4061; x_wconf 88' lang='lat' dir='ltr'><strong>XI</strong></span> <span class='ocrx_word' id='word_1_273' title='bbox 825 4045 845 4080; x_wconf 88' lang='lat'>‚</span> <span class='ocrx_word' id='word_1_274' title='bbox 870 4017 1004 4086; x_wconf 89' lang='lat' dir='ltr'><strong>quo</strong></span> <span class='ocrx_word' id='word_1_275' title='bbox 1032 3990 1204 4060; x_wconf 83' lang='lat' dir='ltr'><strong>haedi</strong></span> <span class='ocrx_word' id='word_1_276' title='bbox 1232 3988 1616 4059; x_wconf 85' lang='lat' dir='ltr'><strong>oriebantur</strong></span> <span class='ocrx_word' id='word_1_277' title='bbox 1634 4041 1655 4078; x_wconf 90' lang='lat'><strong><em>‚</em></strong></span> <span class='ocrx_word' id='word_1_278' title='bbox 1689 4012 1822 4082; x_wconf 90' lang='lat' dir='ltr'><strong>quo</strong></span> <span class='ocrx_word' id='word_1_279' title='bbox 1849 4002 2001 4057; x_wconf 87' lang='lat' dir='ltr'><strong>ortu</strong></span> <span class='ocrx_word' id='word_1_280' title='bbox 2033 3991 2233 4083; x_wconf 88' lang='lat' dir='ltr'><strong>coepit</strong></span> <span class='ocrx_word' id='word_1_281' title='bbox 2259 3990 2437 4082; x_wconf 89' lang='lat' dir='ltr'><strong>Epo·</strong></span> 
     </span>
     <span class='ocr_line' id='line_1_33' title="bbox 306 4096 2440 4192; baseline -0.002 -25"><span class='ocrx_word' id='word_1_282' title='bbox 306 4098 432 4167; x_wconf 87' lang='lat' dir='ltr'><strong>cha</strong></span> <span class='ocrx_word' id='word_1_283' title='bbox 482 4100 683 4167; x_wconf 90' lang='lat' dir='ltr'><strong>maris</strong></span> <span class='ocrx_word' id='word_1_284' title='bbox 732 4097 954 4168; x_wconf 86' lang='lat' dir='ltr'><strong>clausi.</strong></span> <span class='ocrx_word' id='word_1_285' title='bbox 1007 4096 1211 4187; x_wconf 91' lang='lat' dir='ltr'><strong>Quod</strong></span> <span class='ocrx_word' id='word_1_286' title='bbox 1267 4121 1469 4192; x_wconf 88' lang='lat' dir='ltr'><strong>porro</strong></span> <span class='ocrx_word' id='word_1_287' title='bbox 1513 4097 1606 4163; x_wconf 86' lang='lat' dir='ltr'><strong>ait</strong></span> <span class='ocrx_word' id='word_1_288' title='bbox 1657 4096 2109 4164; x_wconf 86' lang='lat' dir='ltr'><strong>centurionem</strong></span> <span class='ocrx_word' id='word_1_289' title='bbox 2161 4096 2440 4163; x_wconf 85' lang='lat' dir='ltr'><strong>Caesaris</strong></span> 
     </span>
     <span class='ocr_line' id='line_1_34' title="bbox 305 4200 2443 4301; baseline -0.001 -29"><span class='ocrx_word' id='word_1_290' title='bbox 305 4207 612 4274; x_wconf 81' lang='lat' dir='ltr'>XXXVI</span> <span class='ocrx_word' id='word_1_291' title='bbox 655 4208 844 4275; x_wconf 88' lang='lat' dir='ltr'><strong>annis</strong></span> <span class='ocrx_word' id='word_1_292' title='bbox 888 4229 1011 4301; x_wconf 84' lang='lat' dir='ltr'><strong>pro</strong></span> <span class='ocrx_word' id='word_1_293' title='bbox 1051 4206 1328 4274; x_wconf 76' lang='lat' dir='ltr'><strong>Caesaris</strong></span> <span class='ocrx_word' id='word_1_294' title='bbox 1370 4202 1687 4297; x_wconf 83' lang='lat' dir='ltr'><strong>dignitate</strong></span> <span class='ocrx_word' id='word_1_295' title='bbox 1738 4203 2145 4296; x_wconf 78' lang='lat' dir='ltr'><strong>victoriaque</strong></span> <span class='ocrx_word' id='word_1_296' title='bbox 2191 4200 2443 4297; x_wconf 81' lang='lat' dir='ltr'><strong>depug-</strong></span> 
     </span>
    </p>
   </div>
   <div class='ocr_carea' id='block_1_4' title="bbox 432 4332 2070 4405">
    <p class='ocr_par' dir='ltr' id='par_1_4' title="bbox 432 4332 2070 4405">
     <span class='ocr_line' id='line_1_35' title="bbox 432 4332 2070 4405; baseline -0.001 0"><span class='ocrx_word' id='word_1_297' title='bbox 432 4340 486 4405; x_wconf 87' lang='lat' dir='ltr'><strong>J.</strong></span> <span class='ocrx_word' id='word_1_298' title='bbox 1974 4332 2070 4404; x_wconf 82' lang='lat'><strong>26</strong></span> 
     </span>
    </p>
   </div>
  </div>
 </body>
</html>
