3111 5147
736 516 878 587 166
1037 518 1114 585 C.
1169 515 1451 586 JULII
1506 514 1973 584 CAESARIS
2028 510 2577 594 COMMENT.

724 663 867 718 tum
895 649 1117 720 hostes
1146 647 1317 716 ferre
1351 672 1487 717 non
1511 659 1875 741 potuerunt
1889 697 1909 732 ‚
1939 668 2016 713 ac
2050 657 2236 738 terga
2264 655 2624 711 verterunt.
2653 640 2839 729 Quos

721 770 908 824 tanto
972 755 1181 849 spatio
1237 755 1485 839 secuti,
1523 767 1843 847 quantum
1899 774 2096 820 cursu
2155 764 2225 818 et
2280 747 2529 820 viribus
2580 746 2840 817 efficere

720 876 1113 955 potuerunt,
1143 859 1516 955 complures
1547 883 1627 926 ex
1669 860 1743 927 iis
1787 855 2207 943 occiderunt3
2238 853 2510 941 deinde,
2537 853 2840 923 omnibus

720 964 915 1062 longe
979 965 1236 1059 lateque
1297 964 1555 1034 afflictis
1610 945 2069 1057 incensisque³
2074 1015 2094 1049 ,
2140 985 2210 1029 se
2267 962 2334 1028 in
2395 974 2610 1030 castra
2664 983 2839 1029 rece·

719 1088 977 1168 perunt.

828 1179 1147 1247 XXXVI.
1185 1174 1439 1244 Eodem
1481 1175 1587 1243 die
1629 1174 1859 1269 legati,
1879 1174 1963 1242 ab
2003 1173 2303 1244 hostibus
2339 1173 2517 1242 missi
2565 1172 2649 1241 ad
2700 1174 2840 1242 Cae-

721 1307 933 1352 sarem
977 1283 1059 1352 de
1093 1305 1256 1377 pace
1276 1334 1295 1369 ,
1330 1295 1673 1349 venerunt.
1717 1281 1836 1349 His
1868 1283 2090 1349 Caesar
2125 1303 2476 1347 numerum
2509 1278 2842 1366 obsidum,

720 1414 918 1482 quem
955 1404 1148 1457 antea
1196 1389 1674 1481 imperaverat,
1705 1386 2097 1480 duplicavit,
2124 1410 2366 1479 eosque
2396 1386 2464 1454 in
2504 1387 2838 1456 continen-

721 1507 855 1563 tem
898 1494 1135 1565 adduci
1167 1495 1391 1587 jussit,
1419 1492 1636 1588 quod,
1669 1493 2038 1587 propinqua
2082 1491 2185 1560 die
2220 1489 2654 1584 aequinoctii¹,
2674 1491 2842 1559 infir-

719 1601 842 1668 mis
872 1600 1180 1687 navibus,
1204 1599 1404 1668 hiemi
1432 1599 1915 1693 navigationem
1947 1596 2411 1692 subjiciendam
2430 1593 2451 1620 ²
2474 1621 2611 1665 non
2638 1599 2841 1666 existi-

719 1706 960 1774 mabat.
1016 1707 1209 1800 Ipse,
1257 1705 1559 1773 idoneam
1624 1718 2081 1797 tempestatem
2138 1717 2413 1789 nactus,
2446 1701 2644 1797 paulo
2694 1717 2838 1796 post

719 1809 1004 1879 mediam
1059 1824 1325 1879 noctem
1376 1833 1577 1877 naves
1629 1808 1825 1878 solvit
1844 1863 1864 1898 ‚
1898 1833 2045 1902 quae
2085 1833 2314 1878 omnes
2355 1807 2726 1878 incolumes·
2756 1809 2834 1877 ad

721 1917 1165 1984 continentem
1205 1928 1685 2009 pervenerunt3
1718 1914 1833 1984 sed
1871 1939 1952 1983 ex
1981 1899 2119 1983 his³
2145 1916 2460 1983 onerariae
2506 1914 2652 1983 duae
2698 1941 2834 1984 eos-

720 2020 900 2109 dem,
919 2046 1085 2115 quos
1117 2020 1412 2115 reliquae,
1429 2036 1661 2116 portus
1686 2045 1923 2115 capere
1956 2046 2091 2090 non
2113 2008 2526 2115 potuerunt⁴,
2549 2035 2617 2088 et
2642 2020 2835 2116 paulo

719 2126 888 2194 infra
927 2126 1155 2196 delatae
1194 2142 1365 2197 sunt.

824 2235 1180 2304 XXXVII.
1235 2233 1498 2323 Quibus
1560 2257 1642 2302 ex
1696 2233 1974 2301 navibus
2031 2258 2236 2326 quum
2296 2246 2515 2303 essent
2565 2233 2835 2327 expositi

720 2338 955 2409 milites
993 2342 1253 2410 circiter
1293 2342 1472 2409 CCC
1494 2393 1514 2428 ‚
1544 2355 1743 2432 atque
1790 2341 1859 2407 in
1906 2354 2122 2408 castra
2160 2338 2666 2426 contenderent,
2689 2341 2832 2407 Mo-

703 2445 874 2529 rini,
904 2470 1071 2539 quos
1105 2449 1349 2531 Caesar,
1377 2447 1448 2514 in
1476 2447 1881 2515 Britanniam
1910 2445 2332 2540 proficiscens
2347 2498 2367 2532 ,
2397 2460 2666 2540 pacatos
2704 2443 2835 2514 reli-

718 2564 980 2643 querat,
1000 2569 1114 2645 spe
1143 2550 1380 2645 praedae
1410 2550 1705 2642 adducti,
1732 2554 1950 2649 primo
1979 2578 2115 2623 non
2154 2553 2245 2622 ita
2285 2573 2527 2646 magno
2568 2577 2831 2621 suorum

717 2680 995 2724 numero
1028 2657 1631 2748 circumsteterunt,
1656 2684 1733 2728 ac
1751 2713 1771 2747 ,
1797 2662 1850 2729 si
1879 2683 2017 2729 sese
2041 2659 2320 2729 interfici
2351 2657 2635 2746 nollent,
2658 2682 2832 2727 arma

714 2786 964 2855 ponere
995 2764 1349 2855 jusserunt.
1383 2765 1613 2853 Quum
1652 2765 1744 2835 illi
1776 2767 1937 2835 orbe
1970 2764 2180 2835 facto'
2206 2790 2346 2835 sese
2379 2764 2833 2847 defenderent,

715 2866 1015 2936 celeriter
1052 2868 1136 2937 ad
1168 2869 1523 2940 clamorem
1565 2872 1912 2941 hominum
1947 2873 2205 2940 circiter
2245 2870 2445 2940 millia
2467 2874 2568 2941 VI
2608 2895 2834 2940 conve·

714 2988 972 3042 nerunt.
1006 2977 1160 3065 Qua
1201 3001 1274 3044 re
1304 2979 1643 3067 nunciata,
1676 2981 1898 3049 Caesar
1927 3000 2193 3046 omnem
2224 3001 2303 3045 ex
2343 2979 2574 3047 castris
2602 2978 2833 3073 equita-

793 3174 1077 3246 &Afflictis
1088 3178 1571 3250 incemisque.Vulgo
1579 3177 1733 3248 oedfi-
1816 3177 1961 3250 quod
1978 3178 2033 3229 in
2061 3196 2293 3231 mensem
2315 3179 2599 3250 septembr.
2625 3176 2829 3230 incidit.

709 3255 797 3307 ciis
812 3258 1027 3307 incensis.
1043 3254 1123 3307 Ita
1148 3274 1362 3327 quoque
1383 3255 1540 3310 codd.
1554 3258 1729 3323 multi,
1885 3259 2107 3312 ².Hienu'
2117 3259 2467 3327 navigationem
2478 3256 2824 3327 subjiciendam,

707 3332 847 3389 inter
877 3352 1011 3404 quos
1037 3347 1216 3387 noster
1250 3336 1428 3405 57633
1461 3349 1617 3407 atque
1648 3356 1726 3407 gr.
1812 3337 1920 3389 Alii
1954 3337 2118 3388 hiemis
2158 3341 2507 3407 navigationem
2526 3335 2823 3388 subeundam,

706 3410 984 3482 interpres.
1016 3415 1087 3464 At
1113 3414 1169 3465 in
1195 3412 1313 3466 cod.
1344 3413 1558 3467 AndIno
1585 3416 1619 3467 J
1623 3456 1635 3467 .
1665 3415 1725 3469 F.
1812 3414 1936 3468 Non
1948 3417 2082 3468 male
2095 3435 2257 3487 quoq.
2272 3415 2455 3470 Nostri
2474 3413 2647 3478 codd„
2668 3415 2826 3468 hiemi.

705 3489 1040 3557 Gronovius,
1055 3492 1260 3545 obserV.
1279 3498 1309 3554 4
1325 3529 1342 3556 ,
1359 3495 1413 3557 8,
1430 3494 1629 3563 reperit
1645 3496 1727 3561 as-
1896 3496 1950 3549 3.
1991 3495 2094 3547 Sed
2126 3517 2188 3547 ea:
2226 3496 2326 3557 lu’s,
2372 3508 2462 3549 etc.
2517 3494 2831 3548 particulam

691 3569 848 3639 flictis
886 3572 1198 3643 incensaekque,
1242 3589 1399 3641 quam
1444 3571 1727 3626 lectionem
1810 3573 1899 3625 sed
1916 3587 2037 3645 post
2058 3574 2281 3627 verbum
2303 3586 2563 3646 potuerunt
2587 3572 2752 3628 Aldus
2779 3585 2832 3626 et

701 3651 900 3721 recepit
918 3668 1132 3720 quoque
1146 3647 1494 3721 Oudendorp.
1518 3669 1583 3703 ex
1602 3651 1723 3707 cod.
1810 3653 2128 3723 posteriores
2142 3667 2523 3725 reposuerunt,
2544 3652 2691 3726 quod
2713 3671 2830 3727 pro-

702 3727 876 3782 Oxon.
892 3741 943 3781 et
954 3730 1069 3781 aliis
1082 3727 1370 3783 codicibus.
1388 3729 1726 3785 Praestantior
1810 3733 1899 3785 bnt
1924 3731 2357 3804 Oudendorpius.

698 3809 942 3861 sanehaec
955 3821 1033 3861 est
1045 3808 1557 3881 betia—Afflictis.
1572 3809 1725 3865 Idem
1836 3832 1843 3841 ·
1906 3818 1959 3877 4.
2005 3814 2185 3865 Porcus
2221 3833 2387 3884 capere
2429 3832 2526 3865 non
2557 3822 2828 3883 potuerunt.

698 3886 844 3956 quod
867 3890 1058 3949 stratis,
1073 3892 1275 3947 poet-sis.
1809 3890 2000 3945 Portus
2029 3912 2138 3945 non
2170 3905 2461 3963 potuerunt
2489 3891 2768 3964 appellere.

777 3967 906 4019 CAP.
945 3968 1204 4023 XXXVI.
1246 3988 1293 4023 1.
1331 3970 1611 4043 Propinqua
1645 3971 1724 4023 die
1889 3971 2019 4025 Cu».
2035 3973 2322 4026 XXXVII.
2346 3992 2394 4027 1.
2415 3971 2549 4024 Orbe
2559 3972 2718 4038 fileto.
2732 3972 2830 4022 Re·

696 4048 984 4115 aequinoctii.
1001 4048 1181 4113 Quum
1211 4068 1327 4120 sup.
1340 4068 1388 4102 c.
1416 4069 1515 4114 πο,
1528 4048 1725 4103 dixerit
1808 4048 2052 4115 sistendi,
2071 4071 2181 4104 non
2202 4050 2545 4124 oppugnandi
2564 4069 2734 4104 causa.
2749 4050 2829 4102 De

698 4122 869 4175 Caesar
903 4130 1080 4196 exigua
1106 4141 1249 4198 parte
1293 4122 1476 4182 ‹estatissi
1501 4130 1683 4201 reliqua
1701 4169 1718 4192 ‚
1808 4130 1918 4182 orbe
1943 4131 2156 4185 militari
2180 4130 2303 4185 vide
2328 4132 2467 4187 infra
2490 4132 2529 4186 l.
2553 4150 2589 4183 v
2604 4169 2621 4196 ,
2645 4148 2691 4184 c.
2722 4127 2794 4182 33
2812 4165 2829 4189 ‚

696 4203 1072 4274 aequinoctium
1109 4209 1410 4263 autumnale
1450 4209 1720 4279 intelligit,
1807 4222 1862 4263 ct
1890 4209 2096 4265 Sallust.
2122 4211 2156 4266 J
2160 4230 2245 4281 ug.
2278 4229 2370 4280 97.
