3111 5147
1093 508 1224 581 ET
1275 500 1677 583 GALLIS.
2080 592 2085 599 ,
2304 513 2455 601 485

313 638 534 709 fuisse.
559 638 680 710 'Ex
710 640 1037 713 Strabone
1075 643 1440 741 intelligere
1476 659 1607 733 est,
1636 659 1939 740 quartam
1974 661 2233 741 partem
2269 647 2458 720 orbis

313 749 456 815 noti
502 747 702 818 fuisse
742 749 1083 819 Celtarum
1129 766 1376 821 terram
1413 777 1429 819 ε
1472 765 1541 820 et
1584 755 1799 847 reipsa
1849 753 2206 838 Germani,
2242 753 2454 843 Galli,

310 854 474 946 quin
530 855 736 925 immo
801 858 1120 952 Hispani,
1170 859 1420 927 Graecis
1481 856 1686 928 Celtae
1739 859 2186 927 nominantur.
2250 860 2453 931 Nulla

311 956 452 1027 fere
493 984 648 1055 pars
691 965 980 1058 Europae
1029 961 1233 1033 Celtis
1277 978 1487 1033 vacat.
1536 967 1687 1034 Hoc
1723 963 1871 1033 loco
1891 1018 1911 1052 ,
1947 964 2151 1035 Celtae
2191 979 2449 1037 tantum

312 1068 776 1155 nominantur,
807 1069 1167 1139 incolentes
1196 1067 1499 1165 gallicam
1524 1085 1814 1166 partem,
1839 1096 1986 1165 quae
2011 1095 2199 1142 nunc
2212 1070 2452 1142 descri-

310 1171 525 1262 bitur,
549 1198 589 1243 a
615 1199 839 1269 graeco
877 1179 1082 1254 Κέλης
1103 1227 1122 1260 ,
1156 1176 1336 1270 quod
1373 1177 1554 1272 apud
1582 1181 1960 1247 Homerum
1986 1191 2055 1246 et
2087 1177 2448 1247 Pindarum

308 1285 598 1371 equitem
642 1296 851 1351 sonat.
897 1284 1142 1377 Reipsa
1163 1337 1181 1371 ,
1234 1286 1530 1352 omnium
1580 1285 1984 1378 scriptorum
2033 1286 2411 1354 testimonio
2427 1339 2447 1373 ,

309 1382 533 1455 Celtas
573 1391 870 1482 equitatu
905 1386 1187 1459 valuisse
1238 1404 1495 1458 certum
1537 1403 1654 1458 est.
1712 1389 1843 1458 Sed
1884 1390 2141 1483 origine
2180 1390 2444 1483 Scythae

306 1491 653 1583 videntur,
679 1510 748 1564 et
799 1494 1011 1565 multa
1059 1520 1181 1591 per
1243 1495 1477 1565 saecula
1525 1519 1727 1590 vagas
1783 1509 1849 1564 et
1916 1497 2200 1565 incertas
2251 1495 2443 1567 sedes

311 1596 651 1689 habuisse,
680 1601 872 1695 juxta
901 1601 1468 1698 septemtrionales
1493 1625 1646 1671 oras
1677 1626 1884 1695 usque
1915 1601 2000 1671 ad
2033 1601 2443 1673 Cimbricam

311 1705 838 1795 Chersonesum,
870 1709 986 1777 ubi
1062 1732 1294 1778 eorum
1371 1733 1526 1804 pars
1595 1707 1925 1795 consedit,
1978 1732 2123 1802 quae
2167 1709 2396 1778 Suevis
2423 1764 2442 1797 ‚

308 1812 553 1901 Danis,
589 1827 786 1908 atque
810 1817 1004 1884 etiam
1040 1817 1391 1885 Germanis
1423 1829 1646 1884 ortum
1671 1813 1854 1884 dedit
1890 1840 1905 1881 ε
1948 1812 2074 1882 alia
2097 1838 2258 1882 vero
2283 1839 2441 1909 pars

306 1913 566 2013 longius
599 1943 981 2015 progressa,
1016 1946 1246 1991 versus
1287 1921 1506 1990 Rheni
1544 1923 1747 2009 ostia,
1778 1922 1847 1989 in
1889 1922 2229 2015 regionem
2256 1936 2439 2016 post·

304 2020 580 2094 inodum
616 2025 900 2097 Galliam
949 2028 1194 2099 dictam
1237 2029 1455 2116 venit,
1491 2042 1689 2122 atque
1737 2027 1830 2096 ibi
1874 2041 2151 2122 propter
2196 2027 2437 2097 coelum

304 2132 529 2201 mitius
551 2148 620 2203 et
632 2146 825 2202 terrae
851 2134 1292 2221 feracitatem,
1307 2132 1563 2229 aliaque
1589 2136 1860 2203 minime
1879 2133 2292 2228 aspernanda
2310 2159 2441 2204 me-

302 2238 460 2325 rita,
495 2239 742 2309 diutius
778 2265 979 2335 quam
1020 2239 1262 2312 alicubi
1298 2254 1629 2309 terrarum
1669 2253 1929 2309 morata
1962 2254 2080 2309 est.
2113 2238 2243 2308 Sed
2283 2265 2434 2310 mo-

299 2341 540 2415 bilibus
611 2360 679 2415 et
724 2349 1062 2442 inquietis,
1109 2362 1188 2416 ut
1235 2361 1391 2416 sunt
1454 2344 1921 2442 plerarumque
1950 2345 2435 2439 Scythicarum

299 2453 593 2544 gentium
611 2507 632 2542 ,
671 2455 980 2550 ingeniis,
1016 2468 1324 2523 constans
1364 2452 1551 2524 sedes
1594 2478 1731 2522 non
1776 2450 2051 2523 sufficit:
2090 2475 2434 2548 quaprop-

298 2570 403 2627 ter
426 2612 447 2648 ‚
487 2559 712 2631 multis
749 2559 987 2658 elapsis
1022 2559 1309 2651 saeculiS,
1360 2575 1429 2630 et
1454 2585 1575 2660 per
1609 2557 1986 2649 intervalla,
2028 2557 2235 2629 Celtae
2275 2559 2431 2630 inde

297 2665 708 2736 refluxerunt
728 2670 798 2736 in
817 2667 1077 2738 Italiam
1095 2722 1114 2757 ,
1140 2669 1527 2762 Hispaniam
1549 2721 1570 2755 ,
1597 2681 1793 2762 atque
1822 2668 2021 2736 etiam
2052 2681 2435 2736 remearunt

293 2773 367 2839 in
399 2773 864 2863 Germaniam,
891 2775 1332 2861 Pannoniam,
1363 2774 1726 2860 Graeoiam,
1769 2786 1838 2841 et
1870 2796 2081 2867 usque
2108 2773 2179 2842 in
2203 2774 2429 2844 Asiam

290 2878 640 2949 minorem.

406 2986 536 3056 Sed
561 2986 740 3056 unde
755 3040 775 3074 ,
802 3002 926 3056 eta
947 3011 1086 3083 quo
1103 2988 1426 3082 originem
1450 2986 1784 3055 duxerunt
1811 2998 2039 3079 gentes
2066 3007 2222 3078 quae
2242 3010 2425 3054 com-

295 3094 481 3164 muni
536 3092 976 3189 appellatione
1028 3094 1341 3164 dicuntur
1391 3090 1648 3164 Celtae?
1699 3115 1843 3160 non
1885 3091 2198 3160 convenit
2252 3091 2427 3160 inter

297 3198 549 3269 doctos.
583 3200 806 3271 Celtas
842 3215 1065 3271 autem
1087 3255 1108 3290 ‚
1133 3202 1388 3295 origine
1404 3253 1424 3287 ,
1451 3199 1718 3294 ingenio
1735 3211 1804 3266 et
1829 3195 2127 3267 moribus
2148 3196 2427 3289 Scythas

296 3329 468 3393 esse,
493 3309 592 3377 uti
621 3308 759 3401 jam
792 3308 1113 3395 diximus,
1148 3305 1299 3376 libri
1338 3308 1549 3376 sancti
1589 3303 2019 3390 confirmant;
2051 3327 2091 3370 a
2128 3303 2425 3372 Gomero

295 3413 472 3481 enim
509 3416 730 3509 Japeti
768 3412 943 3503 filio,
974 3416 1123 3484 Noe
1149 3414 1375 3508 nepoti
1399 3465 1419 3500 ,
1454 3411 1731 3506 Scythas
1771 3425 1840 3480 et
1874 3406 2267 3505 generaliter
2288 3411 2429 3477 Eu-

292 3542 473 3613 ropae
516 3519 1064 3615 septemtrionalis
1110 3519 1360 3589 incolas
1397 3520 1721 3613 originem
1755 3517 2052 3602 duxisse,
2078 3539 2161 3583 ex
2193 3514 2427 3583 iisdem

293 3620 476 3694 libris
500 3641 778 3697 constat.
808 3630 995 3697 Inter
1033 3626 1350 3723 profanos
1382 3627 1736 3718 scriptores
1755 3678 1776 3712 ,
1802 3622 1913 3692 alii
1939 3620 2161 3692 Celtas
2192 3619 2425 3690 dicunt

290 3729 376 3798 ab
412 3733 700 3803 Hercule
725 3733 1042 3804 oriundos
1057 3786 1078 3821 ,
1105 3748 1259 3828 post
1282 3734 1661 3826 Geryonem
1692 3731 1941 3799 victum
1981 3729 2052 3797 in
2083 3728 2420 3821 Hispania.

290 3837 422 3907 Sed
451 3838 595 3909 hoec
638 3841 1089 3910 commentitia
1129 3840 1405 3909 omnino
1449 3852 1551 3906 est
1594 3837 1903 3906 narratio.
1952 3837 2130 3905 Nam
2175 3831 2426 3902 Gallias

290 3958 446 4014 ante
503 3946 856 4017 Herculem
919 3946 1248 4016 habitatas
1308 3944 1507 4014 fixisse
1568 3957 1752 4038 patet
1807 3966 1890 4011 ex
1945 3943 2089 4036 ipso
2154 3941 2423 4008 nomine

289 4049 521 4122 Alesiae
536 4105 556 4140 ,
577 4052 664 4124 de
685 4078 820 4148 quo
844 4053 997 4126 vide
1026 4052 1223 4121 indic.
1255 4076 1480 4148 geogr.
1513 4052 1841 4119 Praeterea
1867 4047 2102 4133 fuisse,
2122 4044 2226 4114 his
2254 4059 2423 4115 tem·

285 4159 563 4250 poribus
601 4157 948 4248 fabulosiS‚
1004 4157 1249 4238 multos
1303 4159 1542 4227 heroas
1599 4155 1938 4226 communi
1986 4150 2427 4248 appellatione

285 4265 608 4339 Hercules
648 4267 1023 4339 nominatos
1055 4291 1253 4338 nemo
1280 4264 1531 4336 inficias
1562 4262 1699 4334 ibit.
1743 4259 1872 4334 Alii
1913 4258 2153 4330 volunt:
2177 4257 2417 4351 Troja-

1918 4350 2045 4438 31³
