3111 5147
728 579 823 650 9²
1041 557 1117 624 C.
1171 554 1452 622 JULII
1506 552 1971 621 CAESARIS
2026 552 2571 621 COMMENT.

729 710 931 780 quum
976 711 1099 780 pro
1135 711 1204 755 se
1247 676 1554 780 quisque,
1581 686 1648 752 in
1690 701 2048 780 conspectu
2079 686 2506 780 Imperatoris
2546 685 2740 754 etiam
2787 685 2867 753 in

726 796 1033 861 extremis
1093 795 1223 862 suis
1281 793 1477 861 rebus
1502 845 1522 880 ,
1564 816 1835 886 operam
1891 816 2135 862 navare
2184 804 2503 886 cuperent
2526 844 2545 879 ,
2581 789 2866 887 paulum

727 898 1015 968 hostium
1051 900 1335 994 impetus
1378 897 1676 967 tardatus
1716 912 1831 967 est.

833 1007 1089 1073 xxw.
1134 1008 1387 1093 Caesar,
1425 1030 1632 1098 quum
1684 1006 2026 1098 septimam
2081 1002 2403 1098 legionem
2428 1055 2449 1090 ,
2483 1026 2628 1098 quae
2664 1002 2868 1096 juxta

731 1113 1115 1181 constiterat
1133 1164 1153 1197 ,
1200 1113 1356 1179 item
1408 1112 1628 1205 urgeri
1678 1109 1763 1178 ab
1811 1110 1999 1179 hoste
2044 1110 2309 1178 vidisset
2326 1164 2344 1197 ‚
2372 1109 2697 1178 Tribunos
2740 1111 2866 1178 mi-

733 1216 919 1285 litum
956 1218 1247 1303 monuit,
1282 1230 1357 1285 ut
1381 1215 1696 1312 paulatim
1739 1240 1878 1285 sese
1918 1215 2205 1310 legiones
2248 1215 2749 1311 conjungerent,
2782 1230 2864 1285 et

734 1347 1053 1391 conversa
1080 1324 1264 1418 signa
1280 1321 1299 1346 ¹
1325 1324 1393 1391 in
1420 1323 1644 1392 hostes
1671 1322 2004 1391 inferrent.
2035 1322 2397 1413 Quo-facto
2413 1376 2431 1409 ‚
2458 1346 2662 1416 quum
2690 1321 2862 1391 alius

737 1427 842 1496 alii
878 1428 1237 1498 subsidium
1274 1429 1522 1498 ferrent
1540 1427 1585 1519 ²,
1604 1454 1816 1524 neque
1842 1431 2149 1498 timerent
2168 1483 2188 1516 ,
2211 1454 2294 1497 ne
2321 1429 2531 1498 aversi
2557 1427 2640 1497 ab
2664 1427 2860 1496 hoste

736 1535 1368 1606 circumvenirentur
1385 1591 1404 1624 ,
1442 1537 1753 1606 audacius
1810 1532 2107 1605 resistere
2156 1560 2234 1604 ac
2278 1534 2510 1603 fortius
2558 1556 2860 1628 pugnare

736 1657 1094 1736 coeperunt.
1130 1645 1405 1711 Interim
1450 1641 1684 1711 milites
1724 1641 2058 1735 legionum
2099 1641 2420 1728 duarum,
2451 1664 2591 1735 quae
2631 1641 2697 1706 in
2738 1663 2859 1707 no-

736 1748 1002 1816 vissimo
1025 1750 1285 1843 agmine
1312 1749 1613 1842 praesidio
1634 1747 2112 1843 impedimentis
2140 1747 2429 1833 fuerant,
2447 1743 2668 1842 praelio
2694 1770 2860 1813 nun·

738 1854 942 1941 ciat0,
967 1879 1165 1924 cursu
1207 1855 1509 1940 incitato,
1532 1856 1601 1922 in
1634 1879 1893 1923 summo
1934 1852 2099 1923 colle
2141 1854 2224 1922 ab
2267 1853 2563 1923 hostibus
2598 1853 2858 1946 conspi-

738 1959 1097 2027 ciebantur.
1142 1962 1231 2027 Et
1267 1962 1341 2027 T.
1382 1960 1751 2047 Labienus,
1781 1962 2009 2028 castris
2041 1961 2329 2030 hostium
2360 1960 2637 2054 potitus,
2672 1973 2738 2026 et
2777 1982 2861 2026 ex

742 2062 890 2132 loco
932 2066 1302 2159 superiore,
1321 2091 1466 2160 quae
1509 2091 1614 2135 res
1649 2068 1716 2135 in
1744 2067 1982 2197 no3stris
2011 2068 2238 2135 castris
2274 2080 2678 2161 gererentur,
2701 2089 2855 2133 con·

744 2171 1067 2264 spicatus,
1094 2171 1413 2241 decimam
1466 2157 1841 2267 legionem³
1879 2173 2167 2241 subsidio
2211 2172 2449 2241 nostris
2495 2171 2687 2239 misit.
2725 2171 2858 2259 Qui

742 2302 947 2372 quum
988 2302 1068 2345 ex
1111 2280 1402 2373 equitum
1439 2294 1506 2347 et
1540 2278 1845 2348 calonum
1869 2279 2065 2373 fuga,
2093 2304 2225 2372 quo
2255 2280 2321 2345 in
2357 2276 2503 2346 loco
2531 2302 2635 2345 res
2664 2291 2858 2361 esset,

743 2399 1117 2479 quantoque
1159 2387 1227 2452 in
1270 2384 1564 2479 periculo
1599 2401 1666 2454 et
1706 2400 1918 2454 castra
1960 2399 2026 2453 et
2066 2384 2352 2479 legiones
2387 2399 2453 2452 et
2490 2386 2860 2478 Imperator

743 2504 1116 2560 versaretur
1127 2493 1671 2585 ,cognovissent,
1697 2490 1857 2561 nihil
1901 2492 1984 2559 ad
2025 2491 2424 2562 celeritatem
2468 2489 2589 2559 sibi
2631 2488 2856 2584 reliqui

743 2585 1107 2666 fecerunt⁴.

851 2705 1138 2772 XXVII.
1206 2709 1464 2774 Horum
1534 2707 1822 2774 adventu
1891 2721 2079 2775 tanta
2141 2731 2363 2774 rerum
2435 2704 2859 2773 commutatio

750 2808 922 2877 facta
957 2825 1089 2898 est,
1117 2825 1193 2879 ut
1231 2813 1478 2899 nostri,
1507 2814 1703 2881 etiam
1746 2813 1857 2906 qui
1898 2807 2278 2881 vulneribus
2320 2811 2602 2879 confecti
2634 2835 2860 2905 procu-

750 2913 1075 3005 buissent,
1117 2920 1315 2987 scutis
1359 2920 1596 3007 innixi,
1635 2917 1931 3012 praelium
1982 2919 2535 3013 redintegrarent3
2570 2930 2713 2985 tum
2756 2940 2860 2985 ca·

750 3018 960 3110 lones,
978 3026 1357 3118 perterritos
1393 3025 1615 3094 hostes
1651 3025 2038 3119 conspicati,
2057 3027 2252 3094 etiam
2290 3026 2569 3092 inermes
2598 3023 2861 3092 armatis

750 3146 1214 3220 occurrerent3
1252 3133 1499 3226 equites
1553 3157 1714 3200 vero
1729 3186 1748 3219 ,
1779 3145 1855 3200 ut
1904 3132 2372 3226 turpitudinem
2416 3130 2587 3224 fugae
2623 3131 2866 3197 virtute

749 3232 1073 3322 delerent,
1097 3238 1402 3306 omnibus
1444 3240 1510 3305 in
1551 3236 1712 3307 locis
1754 3262 1992 3331 pugnae
2034 3263 2102 3306 se
2149 3236 2514 3330 legionariis
2557 3234 2867 3305 militibus

750 3340 1136 3434 praeferrent
1165 3341 1204 3409 ¹.
1251 3345 1340 3413 At
1384 3343 1877 3431 hosteS,·etiam
1934 3346 2000 3410 in
2057 3359 2346 3413 extrema
2404 3366 2518 3437 spe
2576 3339 2796 3409 salutis
2819 3339 2867 3428 ²,

832 3551 959 3606 Cn».
1000 3552 1203 3605 XXVI.
1245 3571 1292 3605 ι.
1335 3551 1572 3606 Conversa
1602 3558 1764 3623 sig-na,
1936 3553 2064 3607 Cu».
2093 3554 2321 3606 XXVII.
2357 3573 2403 3606 1.
2434 3552 2664 3606 Omnibus
2697 3554 2748 3603 in
2775 3552 2867 3604 loc.

754 3643 841 3683 etc.
858 3632 1137 3685 Collocatis
1153 3629 1446 3698 ordinibus,
1459 3634 1773 3703 conjunctis-
1851 3651 2032 3702 pugnoe
2046 3652 2095 3683 se
2111 3633 2203 3703 leg.
2221 3634 2417 3685 militum
2430 3634 2726 3704 proefhrrent.
2739 3630 2871 3683 Vul-

754 3728 857 3781 que
886 3711 1087 3764 viribus
1115 3712 1253 3765 irent
1270 3712 1325 3763 in
1349 3712 1573 3766 hostem.
1855 3731 1942 3782 go,
1957 3712 2168 3764 omnibus
2189 3717 2240 3764 in
2253 3713 2367 3765 locis
2380 3712 2677 3784 pugnabant,
2693 3730 2786 3783 (μισ
2800 3730 2864 3770 se,

839 3809 888 3842 α.
905 3791 1050 3843 Alius
1065 3793 1154 3843 alii
1163 3791 1419 3844 subsidium
1426 3793 1770 3860 serrem.Vul·
1855 3811 1965 3844 non
2013 3793 2148 3845 male
2194 3811 2420 3864 quoque.
2440 3824 2520 3835 -—
2542 3792 2654 3861 Quo
2692 3811 2742 3841 se
2759 3829 2773 3850 ,
2808 3801 2870 3842 ut

751 3888 818 3939 go
831 3909 846 3931 ,
881 3871 991 3922 aliis
1020 3873 1121 3924 alii.
1147 3872 1281 3924 Item
1305 3872 1429 3924 alius
1451 3874 1538 3924 alii
1550 3875 1719 3940 semt.
1856 3885 2162 3944 superarent
2196 3871 2507 3944 legionarios
2538 3868 2865 3924 fortitudine.

838 3950 889 4003 3.
920 3951 1168 4002 Decimam
1190 3952 1432 4021 legionem.
1461 3953 1771 4007 Plutarchus
1941 3971 1990 4005 α.
2022 3954 2083 4006 In
2120 3965 2326 4004 extrema
2361 3971 2442 4022 spe
2483 3951 2670 4004 salutis.
2711 3949 2864 4020 Spem

755 4026 885 4081 dicit
912 4029 1231 4083 duodecimam
1258 4050 1277 4083 .·
1304 4032 1449 4085 falso.
1855 4031 1943 4084 hic
1961 4051 2061 4103 pro
2074 4031 2435 4104 desperatione
2447 4030 2576 4102 poni
2592 4045 2866 4100 perperam

836 4113 889 4169 4.
908 4110 1054 4162 Nihil
1066 4110 1137 4161 ad
1153 4112 1440 4163 celet-ilatum
1460 4111 1553 4164 siba·
1574 4114 1657 4165 rel.
1668 4115 1767 4180 sec.
1856 4111 2514 4183 perbibetSchothobsm
2528 4122 2669 4181 poet.
2685 4125 2759 4172 11,
2779 4108 2865 4160 36.

755 4186 927 4249 Quam
958 4190 1181 4242 maxima
1218 4191 1481 4268 celeritate
1510 4193 1773 4264 progressi
1855 4190 2015 4245 Aliud
2044 4193 2186 4246 enim
2226 4204 2303 4244 est
2330 4210 2460 4261 spes,
2490 4186 2635 4242 aliud
2664 4198 2868 4244 amma

756 4277 908 4331 sunt,
934 4279 995 4319 ut
1022 4269 1127 4322 suis
1155 4271 1406 4323 auxilium
1436 4272 1651 4324 ferrent.
1856 4290 1981 4340 spes,
2013 4269 2156 4326 aliud
2180 4272 2312 4324 nulla
2340 4290 2458 4341 spes.
2486 4269 2602 4324 Hoc
2620 4269 2741 4322 loco
2757 4284 2871 4320 nos-
