3111 5147
755 539 899 586 222
1037 515 1113 582 c.
1168 511 1453 584 JULII
1509 508 1984 579 cAESAms
2040 507 2597 576 COMMENT.

748 647 1027 718 dimissis
1048 700 1067 735 ‚
1125 644 1459 740 explorat,
1530 669 1665 739 quo
1743 641 2276 713 commodissimo
2342 642 2581 710 itinere
2641 637 2901 711 vallem'

749 757 1028 825 transire
1070 755 1293 849 possit.

817 864 931 943 ‚L.
1001 863 1103 929 Eo
1159 859 1265 928 die
1291 913 1312 946 ‚
1364 854 1659 952 parvulis
1718 854 2129 949 equestribus
2191 849 2430 949 praeliis
2495 852 2580 922 ad
2640 878 2878 948 aquam

748 967 973 1055 factiS,
1009 968 1271 1060 utrique
1312 988 1453 1034 sese
1498 987 1621 1032 suo
1664 960 1813 1032 loco
1854 962 2239 1030 continent:
2278 957 2486 1047 Galli,
2517 960 2701 1055 quod
2744 985 2879 1030 am-

750 1073 992 1170 pliores
1036 1075 1293 1168 copiam,
1324 1094 1469 1165 quae
1512 1069 1811 1138 nondum
1856 1080 2338 1155 convenerant,
2368 1068 2877 1161 exspectabant3

750 1183 1009 1266 Coesar,
1039 1182 1093 1248 si
1121 1179 1291 1248 forte
1319 1178 1571 1246 timoris
1607 1173 2020 1246 simulatione
2042 1173 2058 1198 ¹
2091 1174 2314 1243 hostes
2343 1173 2412 1242 in
2439 1198 2629 1242 suum
2656 1173 2875 1243 locum

748 1285 984 1356 elicere
1026 1299 1280 1381 posset,
1307 1298 1384 1353 ut
1419 1285 1589 1353 citra
1620 1280 1860 1352 vallem
1904 1305 2029 1377 pro
2072 1281 2303 1349 castris
2345 1277 2571 1375 praelio
2605 1296 2873 1350 conten·

747 1392 972 1480 deret3
1010 1395 1064 1462 si
1106 1391 1174 1461 id
1209 1390 1473 1462 efficere
1505 1414 1644 1459 non
1678 1403 1935 1483 posset,
1965 1402 2076 1476 ut,
2110 1384 2466 1482 exploratis
2501 1387 2873 1476 itinerihtis,

749 1501 1005 1569 minore
1053 1523 1208 1568 cum
1260 1495 1555 1592 periculo
1599 1494 1840 1565 vallem
1893 1496 2241 1587 rivumque
2288 1495 2614 1562 transiret.
2659 1495 2871 1563 Prima

641 1601 646 1607 ’
746 1603 893 1675 luce
922 1606 1213 1676 hostium
1233 1604 1562 1699 equitatus
1592 1601 1677 1672 ad
1704 1616 1920 1672 castra
1951 1600 2240 1687 accedit,
2276 1598 2701 1695 praeliumque
2721 1625 2869 1669 cum

747 1714 990 1782 nostris
1046 1711 1374 1805 equitibus
1425 1709 1796 1778 committit.
1849 1711 2075 1778 Caesar
2125 1705 2430 1777 consulto
2480 1708 2725 1802 equites
2765 1730 2866 1775 ce-

747 1817 939 1907 dere,
980 1842 1180 1912 seque
1221 1819 1291 1886 in
1331 1829 1548 1884 castra
1601 1816 1894 1909 recipere
1927 1815 2162 1934 jubet3
2210 1810 2404 1884 simul
2448 1837 2530 1882 ex
2570 1814 2866 1884 omnibus

745 1924 1045 2019 partibus
1086 1936 1304 1992 castra
1355 1920 1587 1990 altiore
1627 1919 1805 1991 vallo
1844 1923 2122 2009 muniri,
2164 1935 2519 2039 portasque
2560 1917 2872 2006 obstrui²²

748 2044 945 2125 atque
986 2030 1056 2097 in
1099 2029 1202 2098 his
1243 2027 1776 2097 administrandis
1816 2027 2014 2097 rebus
2044 2052 2245 2123 quam
2279 2029 2564 2114 maxime
2598 2051 2867 2097 concur-

749 2138 914 2226 sari,
957 2149 1025 2205 et
1067 2159 1222 2205 cum
1264 2132 1678 2205 simulatione
1721 2136 1973 2206 timoris
2018 2136 2125 2230 agi
2152 2133 2425 2228 jubetm

851 2245 965 2313 LI.
1007 2242 1270 2333 Quibus
1299 2242 1607 2312 omnibus
1642 2242 1839 2311 rebus
1868 2242 2093 2311 hostes
2125 2241 2384 2311 invitati
2409 2241 2634 2335 copias
2664 2256 2868 2310 truns-

745 2348 1042 2421 ducunt¹
1050 2403 1069 2438 ‚
1113 2351 1451 2445 aciemque
1493 2351 1718 2444 iniquo
1750 2347 1900 2418 loeo
1938 2350 2393 2438 constituunt3
2428 2350 2670 2417 nostris
2711 2371 2868 2416 vem

743 2458 944 2526 etiam
973 2455 1057 2525 de
1090 2455 1267 2525 vallo
1293 2456 1590 2526 deductis
1614 2454 1662 2543 ²,
1698 2458 1973 2552 propius
2016 2456 2371 2543 accedunt,
2413 2470 2483 2524 et
2524 2453 2651 2524 tela
2696 2455 2866 2522 intra

744 2563 1178 2632 munitionem
1238 2587 1321 2632 ex
1378 2562 1686 2632 omnibus
1746 2562 2044 2660 partibus
2105 2563 2512 2657 conjiciunt3
2555 2562 2866 2658 praeconi·

744 2669 998 2763 busque
1026 2670 1278 2739 circum
1304 2670 1539 2757 missiS,
1563 2672 1987 2765 pronunciari
2022 2670 2291 2765 jubent:
2332 2700 2368 2735 α
2404 2694 2520 2738 seu
2538 2671 2686 2763 quis
2714 2666 2866 2739 Gal-

742 2773 880 2863 lus,
925 2800 1041 2845 seu
1077 2778 1419 2846 Romanus
1459 2775 1622 2846 velit
1654 2792 1806 2846 ante
1849 2779 2084 2848 horam
2127 2779 2387 2846 tertiam
2430 2776 2517 2845 ad
2559 2801 2631 2845 se
2659 2791 2866 2845 trans·

742 2883 874 2969 ire,
913 2882 1052 2951 sine
1092 2881 1388 2979 periculo
1430 2880 1661 2972 licere3
1697 2899 1849 2980 post
1882 2885 1950 2954 id
1992 2899 2254 2979 tempus
2296 2909 2433 2952 non
2476 2882 2621 2952 fore
2654 2897 2867 3014 potes-

742 3002 1044 3057 tatem.»
1088 3012 1168 3061 ac
1199 2992 1293 3060 sic
1335 3005 1599 3061 nostros
1634 3006 2203 3087 contempserunt,
2234 3004 2341 3079 ut,
2379 2973 2774 3059 obstructis³
2803 2989 2869 3056 in

742 3097 1026 3189 speciem
1086 3099 1294 3192 portis
1349 3097 1619 3192 singulis
1681 3099 2020 3168 ordinibus
2080 3083 2451 3192 cespitum⁴
2454 3151 2473 3184 ‚
2513 3095 2694 3191 quod
2753 3077 2870 3164 ea⁵

740 3224 879 3270 non
932 3228 1125 3297 posse
1180 3205 1665 3299 introrumpere
1714 3205 2152 3292 videbantur,
2209 3203 2316 3272 alii
2365 3201 2613 3272 vallum
2667 3225 2872 3270 manu

744 3377 868 3431 host.
921 3380 1103 3431 veniat.
1154 3377 1326 3449 Hujus
1382 3379 1762 3450 stratagematis
1931 3380 2061 3432 Cu.
2088 3379 2177 3432 LI.
2232 3397 2279 3433 1.
2325 3379 2499 3451 Copias
2536 3376 2867 3430 transducunt.

742 3456 986 3511 meminit
1007 3457 1321 3523 Frontinus,
1342 3457 1379 3510 l.
1403 3475 1475 3510 111
1490 3495 1507 3523 ‚
1531 3477 1577 3511 e.
1615 3477 1666 3530 7.
1850 3459 1969 3512 Scil.
1996 3472 2139 3512 trans
2163 3459 2353 3511 vallem
2369 3472 2424 3513 et
2450 3457 2689 3511 fluvium.

822 3536 951 3591 Car.
984 3535 1046 3590 L.
1093 3554 1142 3590 ι.
1173 3537 1235 3591 Si
1248 3538 1383 3604 forae
1413 3541 1595 3590 timonis
1623 3542 1765 3591 simu·
1946 3558 1996 3591 π.
2050 3539 2302 3592 Deductis.
2360 3536 2623 3593 Decedet-e
2672 3538 2829 3609 jussis
2847 3573 2867 3603 ,

744 3616 940 3670 latione.
972 3616 1142 3682 Nam,
1167 3629 1228 3669 ut
1254 3617 1327 3670 nit
1348 3617 1518 3671 Tacit.
1532 3654 1550 3683 ,
1569 3619 1760 3671 Amal.
1846 3631 2067 3691 propter
2097 3619 2486 3674 simulationem
2516 3618 2740 3672 timoris.

739 3695 780 3749 l.
813 3714 895 3751 11:
925 3697 1149 3749 simulare
1179 3709 1348 3749 metum
1378 3699 1612 3751 interdum
1632 3698 1768 3750 haud
1949 3700 2000 3752 3.
2059 3699 2331 3752 Obstru-tis
2372 3705 2423 3751 in
2464 3703 2661 3770 speciem
2694 3700 2863 3769 portis.

742 3777 952 3840 malcan,
998 3789 1047 3828 et
1090 3797 1171 3849 spu
1194 3780 1414 3829 vicem-ier.
1461 3778 1679 3830 indam
1709 3791 1764 3830 ut
1845 3776 1996 3832 Licet
2023 3780 2306 3832 obstructae
2334 3778 2646 3845 videremur
2674 3790 2863 3850 porto,

741 3860 1013 3911 vincamur.
1042 3858 1126 3912 Ita
1143 3874 1359 3931 quoque
1385 3857 1574 3931 Polyb.
1597 3858 1635 3911 l.
1651 3875 1721 3910 111
1745 3876 1760 3910 ε
1845 3877 1956 3911 non
1987 3873 2137 3912 erant
2165 3873 2356 3914 tamen.
2531 3869 2534 3873 ’

740 3940 910 4008 optimi
925 3940 1159 4011 privativis
1186 3938 1396 4010 officium
1437 3950 1529 4002 est,
1566 3956 1662 3990 non
1688 3956 1764 3989 so·
1928 3946 1983 4004 4.
2014 3939 2235 4009 Se‘ngulis
2264 3940 2511 3992 ordinibus
2541 3941 2785 4010 cespitum.
2801 3936 2866 3988 Iu

741 4015 841 4068 lum
871 4019 1120 4072 miscendi
1133 4058 1150 4083 ‚
1185 4020 1274 4072 sed
1316 4019 1513 4072 cedendi
1552 4031 1763 4090 tempora
1846 4019 2062 4091 singulis
2073 4020 2242 4093 portis
2252 4019 2868 4091 castrorumpositierant

735 4098 994 4165 prudenter
1010 4104 1285 4172 perspicere.
1846 4098 2058 4153 ordines
2077 4096 2097 4161 (
2104 4113 2262 4155 strata
2276 4096 2458 4172 plura)
2478 4101 2738 4170 cespitum
2751 4135 2769 4163 ,
2781 4093 2867 4148 alii
2880 4152 2899 4159 ,

828 4196 878 4229 α.
911 4178 1192 4250 Por-casque.
1206 4179 1400 4231 obstrui.
1433 4178 1484 4231 N
1487 4197 1559 4231 on
1585 4178 1758 4232 omni·
1846 4198 2005 4251 super
2033 4180 2176 4233 alios.
2209 4181 2284 4232 M.

740 4271 816 4306 no
835 4266 1008 4309 tamen
1022 4293 1042 4323 ,
1070 4270 1132 4310 ut
1159 4255 1399 4312 videmus
1424 4277 1470 4312 c.
1499 4258 1757 4328 sequenti.
1928 4260 1980 4313 5.
2000 4260 2103 4313 Ea.
2128 4259 2249 4315 scil.
2265 4278 2363 4331 per
2376 4272 2573 4332 portas.
2589 4254 2872 4313 Adierbia·
