3111 5147
603 556 618 565 ⁶
733 565 869 637 162

1036 569 1111 635 C.
1167 567 1448 635 JULII
1502 566 1968 635 CAESARIS
2023 563 2569 634 COMMENT.

720 711 1196 786 convenerant,
1227 699 1396 767 inter
1436 722 1504 767 se
1543 696 1881 784 collocuti,
1902 721 2109 792 quum
2150 697 2400 790 equites
2437 708 2506 763 et
2535 716 2737 761 naves
2775 708 2851 762 et

719 803 1125 874 frumentum
1177 751 1498 874 ’Romanis
1550 802 1773 874 deesse
1827 801 2297 897 intelligerent,
2322 815 2393 869 et
2447 801 2847 929 paucitatem

719 908 998 980 militum
1049 936 1131 980 ex
1176 922 1541 980 castrorum
1584 910 1934 1003 exiguitate
1973 921 2474 1001 cognoscerent,
2496 930 2642 1000 quae
2675 890 2847 975 hoc³

720 1031 911 1085 erant
958 1018 1151 1094 etiam
1208 1015 1587 1111 angustiora
1611 1067 1633 1102 ,
1671 1013 1853 1108 quod
1905 1015 2043 1083 sine
2094 1012 2574 1107 impedimentis
2623 1014 2853 1086 Caesar

719 1119 1008 1217 legiones
1058 1134 1652 1216 transportaverat,
1677 1120 2003 1213 optimum
2056 1117 2237 1187 factu
2286 1142 2426 1187 esse
2481 1117 2848 1203 duxerunt,

720 1227 1073 1296 rebellione
1091 1226 1264 1296 facta
1276 1279 1296 1314 ,
1314 1226 1649 1296 frumento
1670 1240 2172 1319 commeatuque
2189 1238 2450 1293 nostros
2470 1222 2851 1318 prohibere,

721 1348 792 1401 et
829 1358 969 1402 rem
1010 1334 1077 1401 in
1111 1333 1395 1402 hiemem
1439 1331 1840 1426 producere,
1860 1330 2072 1426 quod,
2094 1332 2170 1400 iis
2209 1331 2559 1426 superatis,
2587 1344 2704 1397 aut
2740 1353 2849 1397 re—

722 1427 898 1508 ditu⁴
923 1437 1288 1509 interclusis
1302 1491 1321 1527 ,
1345 1440 1676 1508 neminem
1710 1452 1939 1533 postea
1979 1435 2131 1506 belli
2177 1436 2498 1505 inferendi
2542 1460 2734 1505 causa
2773 1437 2849 1504 in

720 1547 1123 1614 Britanniam
1152 1547 1583 1615 transiturum
1612 1543 2052 1614 confidebant.

828 1653 1083 1719 XXXI.
1131 1653 1363 1745 Itaque
1382 1705 1401 1741 ,
1434 1676 1663 1721 rursus
1707 1651 2156 1744 conjuratione
2185 1648 2389 1736 facta,
2412 1646 2722 1743 paulatim
2757 1673 2844 1717 ex

722 1759 952 1827 castris
995 1755 1328 1827 discedere
1344 1809 1364 1844 ,
1407 1782 1486 1826 ac
1530 1782 1684 1826 suos
1715 1754 1885 1826 clam
1926 1781 2006 1824 ex
2047 1757 2222 1851 agris
2260 1754 2586 1823 deducere
2626 1779 2845 1849 coepe-

721 1876 897 1930 runt.
938 1863 1029 1930 At
1055 1864 1307 1948 Caesar,
1331 1864 1453 1932 etsi
1487 1862 1784 1931 nondum
1828 1886 2059 1930 eorum
2103 1860 2370 1930 consilia
2413 1875 2848 1956 cognoverat,

721 1981 944 2036 tamen
975 1981 1042 2035 et
1084 1992 1165 2035 ex
1206 1982 1449 2036 eventu
1490 1969 1757 2036 navium
1801 1965 2109 2035 suarum¹
2116 1982 2225 2054 ,et
2258 1992 2339 2036 ex
2378 1992 2490 2054 e0,
2514 1966 2694 2061 quod
2727 1966 2845 2035 ob-

724 2072 892 2141 sides
931 2072 1089 2142 dare
1125 2070 1669 2170 intermiserant',
1712 2073 1854 2143 fore
1881 2071 1948 2140 id
1994 2072 2174 2167 quod
2211 2072 2446 2143 accidit
2486 2072 2852 2167 suspicaba-

723 2192 849 2247 tur.
896 2181 1129 2274 Itaque
1179 2178 1265 2247 ad
1319 2205 1549 2249 omnes
1606 2204 1795 2249 casus
1850 2178 2133 2249 subsidia
2175 2178 2653 2273 comparabat.
2692 2202 2846 2247 nam

721 2299 790 2353 et
825 2283 1230 2355 frumentum
1279 2310 1359 2354 ex
1405 2288 1579 2380 agris
1619 2284 1967 2380 quotidie
1950 2311 2016 2353 ιιι
2060 2300 2273 2355 castra
2316 2284 2730 2372 conferebat,
2780 2300 2849 2354 et

721 2415 886 2519 quae3
911 2394 1290 2486 gravissime
1323 2392 1582 2461 afflictae
1617 2406 1807 2460 erant
1840 2415 2074 2478 naves,
2098 2416 2324 2459 earum
2351 2393 2623 2460 materia
2648 2406 2846 2485 atque

722 2519 851 2564 aere
863 2481 996 2563 ³ad
1039 2496 1317 2591 reliquas
1361 2491 1744 2567 reficiendas
1786 2496 2127 2587 utebatur,
2150 2513 2218 2567 et
2258 2523 2403 2592 quae
2458 2496 2544 2565 ad
2585 2522 2696 2566 eas
2740 2521 2845 2569 res

721 2617 914 2670 erant
970 2605 1160 2689 usui,
1204 2627 1285 2670 ex
1350 2604 1712 2673 continenti
1765 2606 2165 2698 comportari
2221 2604 2512 2698 jubebat.
2571 2606 2801 2699 Itaque
2825 2657 2848 2691 ,

720 2731 927 2800 quum
971 2706 1036 2774 id
1081 2732 1338 2776 summo
1383 2708 1600 2778 studio
1641 2733 1682 2777 a
1722 2709 2032 2778 militibus
2076 2709 2668 2796 administraretur,
2693 2710 2849 2779 duo-

721 2810 934 2880 decim
969 2812 1244 2881 navibus
1287 2816 1568 2902 amissis,
1592 2814 1852 2909 reliquis
1884 2829 1961 2883 ut
1993 2817 2286 2910 navigari
2314 2815 2661 2886 commode
2704 2842 2846 2913 pos—

723 2934 823 2987 set
836 2972 856 3007 ,
879 2918 1115 2989 effecit.

1827 3093 2082 3149 Similiter
2105 3095 2247 3168 apud
2271 3097 2386 3149 Liv.
2412 3114 2526 3161 vn,
2546 3116 2615 3166 9:
2644 3099 2843 3150 demna-

1826 3188 2019 3228 eoentus.
2031 3188 2202 3228 noctem
2219 3176 2341 3228 Non
2360 3176 2521 3247 igitur
2532 3196 2635 3230 vox
2650 3197 2844 3230 suarum

1826 3254 2091 3318 abundat,
2113 3268 2175 3308 ut
2199 3255 2465 3308 Hotmano
2494 3257 2681 3328 placet.

725 3108 905 3150 noster
938 3095 1088 3166 5763
1118 3113 1134 3150 ε
1160 3098 1375 3167 quipoet
1395 3061 1649 3166 pra-liam,
1676 3094 1747 3146 ad

729 3174 966 3228 Coeearena
992 3188 1316 3228 convenerant.
1348 3176 1417 3228 Et
1455 3194 1516 3227 ea
1541 3187 1650 3241 eat,
1684 3175 1745 3228 ni

724 3255 906 3319 fallor,
932 3255 1151 3308 caesaris
1175 3255 1378 3325 integra
1397 3255 1575 3307 lectio.

805 3334 859 3386 3.
896 3333 1025 3385 Hoc.
1058 3331 1140 3386 Se.
1173 3351 1238 3385 eo
1275 3334 1392 3405 ipso
1422 3334 1740 3404 angustiora.

803 3420 858 3476 4.
884 3413 996 3465 Aut
1013 3412 1187 3464 reditu.
1210 3413 1350 3464 Male
1362 3412 1611 3465 Hotman.
1638 3413 1744 3463 adi-

724 3504 816 3554 ηις
844 3510 969 3544 nam
1000 3491 1171 3543 Caesar
1201 3492 1276 3543 ait
1303 3504 1510 3561 putasae
1538 3491 1743 3545 Britan-

721 3591 850 3636 nos,
881 3573 926 3624 ai
965 3571 1222 3623 Casan-em
1258 3589 1380 3622 cum
1415 3571 1522 3623 suis
1564 3568 1741 3624 delere

722 3652 1050 3723 potniasent‚
1083 3662 1174 3702 aut
1208 3648 1387 3702 reditu
1410 3650 1468 3703 in
1511 3649 1739 3704 Galliam

722 3727 1103 3795 intercludere,
1116 3729 1290 3782 nullo·
1310 3729 1530 3801 posthac
1544 3730 1738 3783 Roma·

720 3829 818 3864 noa
859 3811 916 3863 in
947 3809 1172 3862 insulam
1208 3812 1518 3880 trajectnros
1547 3810 1738 3875 fuisse,

719 3904 866 3944 metu
875 3908 1062 3943 eorum
1075 3908 1194 3961 qum
1207 3890 1398 3943 Caesari
1410 3888 1737 3944 accidissent.

801 3972 930 4025 Cu.
949 3971 1153 4024 XXXI.
1181 3988 1229 4024 1.
1251 3971 1338 4022 Ex
1361 3982 1524 4023 eventu
1548 3974 1736 4023 navium

718 4069 926 4104 suarum.
951 4048 1017 4102 Id
1042 4062 1146 4103 est:
1170 4068 1323 4103 exeo
1347 4048 1493 4120 quod
1518 4051 1626 4102 suis
1640 4069 1735 4103 na-

718 4130 872 4182 vibus
896 4143 1155 4184 evenerat.
1184 4130 1271 4183 Sic
1297 4131 1415 4183 Val.
1443 4130 1585 4183 Max.
1612 4131 1649 4184 1.
1680 4130 1735 4195 I,

717 4226 763 4260 c.
776 4212 831 4272 6,
844 4227 1047 4280 exemp.
1056 4223 1162 4262 ext.
1178 4228 1222 4262 1.
1233 4211 1344 4278 Quo
1354 4229 1525 4280 genere
1537 4214 1737 4262 monstri

1911 3355 1962 3388 a.
1989 3334 2195 3393 Obsides
2210 3336 2328 3386 dare
2351 3339 2705 3387 mamam.
2732 3336 2845 3387 Ob-

1825 3412 2001 3466 sidum
2026 3427 2230 3484 partem
2255 3416 2561 3486 promissam
2584 3410 2763 3486 (supr.
2789 3434 2840 3470 c.

1830 3490 1938 3563 ²7)
1961 3512 2069 3545 non
2096 3492 2367 3548 dederant.

1908 3573 1962 3626 3.
1978 3572 2142 3645 Atque
2167 3594 2278 3627 oem.
2302 3577 2429 3627 AEre
2443 3575 2730 3627 utebantur
2742 3592 2843 3646 po-

1823 3651 2085 3705 tissimum
2108 3654 2163 3705 in
2185 3653 2504 3706 fabricandis
2523 3655 2770 3720 navibus3
2787 3666 2843 3706 et

1823 3729 1888 3783 ad
1919 3745 2151 3785 rostrum
2176 3745 2391 3785 aratum
2419 3732 2760 3809 fingendum,
2788 3746 2843 3787 et

1824 3810 1889 3863 ad
1914 3830 2075 3865 areos
2094 3814 2266 3866 elavos
2278 3812 2639 3866 conficiendos
2648 3813 2844 3885 quibu·

1822 3892 1971 3945 navis
1981 3894 2431 3965 empingeham,
2448 3904 2503 3947 et
2513 3891 2582 3946 ad
2598 3894 2845 3947 munien-

1821 3968 1943 4023 dam
1964 3984 2127 4025 totam
2150 3974 2326 4025 navim
2345 3972 2555 4026 laminis
2583 3974 2759 4036 oreis,
2782 3985 2847 4025 ut

1820 4050 1982 4105 hodie
2004 4064 2196 4106 nostrae
2225 4065 2473 4123 teguntur
2498 4070 2558 4105 ac
2588 4053 2846 4107 muniun-

1821 4143 1923 4185 tur.
1945 4134 2130 4204 Veget.
2143 4132 2213 4185 de
2228 4151 2287 4184 re
2305 4133 2462 4185 milit.
2479 4135 2551 4197 V,
2573 4139 2605 4197 4
2625 4151 2641 4186 :
2664 4133 2844 4186 Utilius

1819 4210 2075 4281 configitur·
2107 4213 2322 4265 Liburna
2346 4213 2494 4267 clavis
2521 4216 2660 4266 τινὰ·
2696 4231 2841 4285 quam

719 4291 844 4340 tami
858 4301 1114 4358 apparatus
1129 4287 1425 4359 significatus
1441 4301 1515 4341 est
1527 4302 1730 4343 eventus.
1808 4293 1999 4357 ferreis.
