3111 5147
651 542 1171 615 VIRORUM
1233 545 1936 617 ILLUSTRIUM.
2222 548 2368 620 513

241 675 624 764 Nonum,
666 674 775 745 alii
818 678 1169 766 Nameius,
1207 675 1247 745 l.
1289 701 1353 761 1,
1397 703 1453 747 e.
1505 704 1544 774 7
1573 733 1593 765 ,
1635 678 1768 749 vid.
1811 704 2027 774 supra.

1177 888 1184 899 .
1279 810 1364 880 0·
1437 874 1448 897 .

354 932 761 1021 Οιιονιοο,
806 932 1197 1002 Teutomati
1206 948 1439 1029 pater.
1497 956 1636 1024 V11,
1681 930 1724 1003 3
1743 959 1768 1004 1
1784 987 1799 1003 .

355 1038 808 1127 Onemomx,
845 1040 1194 1109 Helvetius
1210 1092 1231 1126 ,
1253 1040 1777 1134 conjurationem
1806 1038 2159 1112 nobilitatis
2185 1042 2344 1115 facit
2360 1099 2382 1133 ,

252 1158 330 1213 ut
367 1143 450 1213 de
481 1144 724 1214 finibus
761 1147 894 1214 suis
928 1142 1211 1214 Helvetii
1242 1147 1529 1235 exirent,
1567 1171 1626 1234 1,
1664 1171 1728 1215 3.
1754 1181 1863 1196 -
1883 1147 1987 1216 Ad
2020 1147 2087 1216 id
2115 1148 2244 1218 dux
2267 1151 2379 1220 eli-

256 1253 456 1348 gitur,
481 1266 549 1321 et
590 1277 744 1321 cum
782 1252 1047 1322 Castico
1082 1252 1390 1347 Sequano
1430 1199 1644 1322 foe’dus
1687 1252 2072 1348 paciscitur,
2113 1254 2267 1325 ibid.
2313 1254 2380 1328 3.

256 1359 735 1430 —Accusatus
749 1382 1016 1428 eausam
1048 1357 1638 1443 dicit3da1nnatur3
1680 1359 1793 1428 sed
1824 1359 2101 1453 juvante
2143 1361 2387 1484 familia

260 1489 378 1534 sua
420 1489 489 1535 se
520 1464 770 1561 judicio
803 1467 997 1560 eripit
1036 1479 1105 1533 et
1140 1464 1328 1535 brevi
1365 1466 1679 1554 moritur,
1721 1464 1879 1568 ibid:
1926 1469 1996 1552 4.

1292 1601 1363 1666 Ρ.

369 1722 659 1794 ΡΑυιυε
694 1713 893 1812 (L),
935 1723 1097 1792 Cos.
1145 1744 1315 1810 vm,
1367 1721 1487 1807 48.

369 1830 633 1900 Pnnms
655 1822 785 1920 (Q.
800 1819 862 1917 ),
883 1828 1217 1923 legatus,
1241 1851 1281 1896 a
1320 1830 1582 1899 Caesare
1617 1829 1685 1896 in
1706 1825 1988 1899 Galliam
2014 1830 2393 1900 interiorem

269 1936 535 2025 missus,
554 1958 638 2025 11,
660 1960 726 2006 3.
747 1968 854 1982 -
873 1933 1236 2004 Praeficitur
1252 1933 1491 2030 legioni
1518 1936 1588 2004 in
1610 1932 1783 2005 bello
1810 1936 2170 2025 Nerviaoo‚
2202 1936 2287 2006 ib.
2310 1960 2392 2007 11.

373 2044 726 2113 Pz'nuuns
759 2031 963 2130 (M),
1003 2042 1335 2113 cennaco.
1386 2041 1550 2134 Ejus
1584 2039 1903 2110 fortitudo
1951 2056 2021 2111 et
2070 2067 2250 2113 mors
2284 2068 2396 2139 ge·

271 2173 545 2239 net-osa,
579 2171 713 2238 Vn,
755 2144 872 2220 50.

377 2257 848 2327 Prrnosmms
865 2244 1056 2343 (L),
1077 2253 1452 2348 Aquilffier,
1493 2252 1844 2323 fortissime
1880 2278 2182 2349 pugnans
2198 2255 2397 2324 inter·

274 2363 526 2452 ficitur,
562 2385 640 2451 V,
691 2358 734 2432 3
793 2415 808 2429 .

382 2470 579 2559 Piso,
602 2385 1038 2563 Aqutamoe,
1069 2467 1141 2534 in
1175 2463 1351 2537 bello
1384 2480 1619 2537 eontra
1643 2465 1950 2560 Usipetes
1981 2466 2402 2555 interficitur,

279 2600 353 2649 JV
427 2602 456 2647 1
473 2602 539 2648 3.

361 2630 551 2757 Ῥιεο
571 2675 599 2772 (
617 2674 765 2770 L),
800 2703 969 2750 avus
993 2681 1070 2749 L.
1094 2681 1371 2751 Pisonis
1396 2683 1621 2749 soceri
1646 2681 1975 2767 Caesaris,
1998 2683 2334 2775 Legata-5,
2365 2703 2406 2748 a

278 2790 612 2887 Tigurinis
650 2787 1064 2876 interfectus,
1099 2808 1157 2874 1,
1199 2809 1224 2854 1
1245 2811 1309 2854 3.

387 2897 554 2968 Piso
590 2889 801 2986 (M.,)
831 2895 997 2963 Cos.
1045 2914 1108 2979 1,
1156 2916 1231 2980 2,
1277 2887 1394 2961 35.

389 3003 761 3074 Ponrnms
797 2992 966 3090 (Cn.
984 2987 1046 3086 ),
1067 2995 1291 3066 forsan
1315 2995 1607 3091 ejusdem
1631 2993 1886 3065 familiae
1905 3019 2035 3091 qua
2056 2997 2407 3091 Pompeius

285 3112 610 3206 Magnus,
630 3107 948 3177 Tituriiin
962 3100 1291 3198 colloquio
1309 3127 1461 3172 cuin
1479 3102 1896 3197 Ambiorige
1878 3117 2148 3199 interp„
2176 3125 2252 3190 V,
2288 3099 2407 3172 36.

387 3219 665 3309 Pomm
707 3205 823 3303 (T.
837 3204 901 3302 ),
937 3213 1267 3283 Centurio.
1295 3211 1372 3282 L.
1414 3210 1721 3279 Varenus
1752 3233 1905 3278 cum
1929 3234 2009 3278 eo
2040 3208 2125 3278 de
2168 3211 2412 3278 Virtute

289 3326 361 3393 in
402 3320 627 3419 praelio
663 3318 1048 3389 contendit:
1089 3318 1150 3387 ei
1192 3314 1506 3386 auxilium
1540 3317 1761 3403 venit,
1804 3329 1872 3384 et
1895 3315 1979 3384 ab
2012 3340 2095 3385 eo
2127 3315 2413 3386 Vicissim

288 3427 694 3514 defenditur,
730 3448 807 3514 V,
853 3427 973 3511 44.
1321 3531 1401 3598 R„

359 3619 366 3624 ·
401 3670 711 3739 Roscius
753 3654 936 3755 (L),
976 3665 1309 3758 legatus,
1363 3661 1432 3729 in
1473 3662 1719 3731 Essuos
1762 3661 2043 3729 mittitur
2080 3684 2235 3732 cum
2284 3685 2419 3730 una

295 3775 584 3871 legione,
601 3796 680 3862 V,
703 3775 822 3858 34.
854 3804 959 3818 --
982 3772 1088 3840 De
1116 3767 1404 3839 motibus
1422 3765 1771 3838 Gallorum
1789 3765 1877 3834 ad
1893 3767 2222 3838 Caesarem
2249 3792 2417 3837 nun·

293 3885 464 3953 tium
499 3880 728 3968 mittit,
760 3876 918 3949 ibid
972 3873 1086 3948 53.
1307 3981 1356 4049 S

405 4121 791 4206 Senarus,
819 4116 1238 4187 Lemovicum
1261 4117 1591 4211 princeps
1608 4163 1630 4197 ‚
1665 4112 1735 4180 in
1760 4108 2099 4180 obsidione
2123 4109 2423 4182 Alesiam

298 4225 662 4402 occjditur,
701 4246 837 4313 vn,
884 4220 1001 4293 88.
1896 4261 1905 4268 -
1969 4320 2062 4392 33
