3111 5147
199 2691 206 2697 .
295 2643 468 2694 nostri
509 2641 660 2712 5763
680 2681 696 2708 ,
730 2647 834 2709 64,
855 2643 1055 2696 habent
1080 2646 1315 2705 inmissis,

561 577 700 647 DE
753 579 1097 673 BELLO
1150 581 1642 652 GALLICO.
1700 584 1886 652 LIB.
1942 586 2123 655 VII.
2278 584 2427 662 325

341 760 348 769 .
400 711 726 781 XXXIV.
785 714 932 781 Hoc
964 710 1232 782 decreto
1263 715 1650 811 interposito
1674 769 1694 804 ‚
1725 717 2109 788 cohortatus
2148 720 2396 793 AEduos
2413 776 2436 811 ‚

291 830 372 886 ut
416 817 1020 887 controversiarum
1058 843 1137 888 ac
1178 820 1656 890 dissensionum
1707 822 2248 894 obliviscerentur
2271 881 2292 916 ,
2332 843 2429 897 at·

291 948 427 1017 que
453 977 472 1011 ,
508 924 813 994 omnibus
865 925 1152 996 omissis¹
1189 927 1292 996 his
1345 928 1541 996 rebus
1569 979 1588 1015 ‚
1631 928 1786 998 huic
1838 929 2011 999 bello
2063 934 2387 1002 servirent
2408 988 2430 1023 ,

292 1053 506 1123 eaque
530 1082 550 1116 ‚
582 1055 730 1124 quae
779 1033 1209 1121 meruissent,
1250 1035 1518 1127 praemia
1568 1033 1654 1101 ab
1705 1059 1775 1104 se
1800 1089 1820 1123 ‚
1861 1034 2119 1106 devicta
2172 1038 2386 1109 Gallia
2408 1095 2430 1128 ‚

292 1150 757 1229 exspectarent
777 1191 798 1226 ‚
831 1139 1324 1233 equitatumque
1357 1165 1623 1209 omnem
1646 1193 1666 1228 ‚
1695 1155 1765 1209 et
1802 1141 2097 1237 peditum
2131 1143 2329 1214 millia
2361 1149 2430 1215 X

295 1241 422 1310 sibi
467 1240 764 1311 celeriter
802 1246 1140 1313 mitterent
1159 1297 1180 1332 ,
1218 1270 1365 1339 quae
1403 1248 1469 1313 in
1499 1246 1812 1342 praesidiis
1853 1251 1946 1319 rei
1987 1249 2430 1322 frumentariae

296 1370 498 1417 causa
538 1348 915 1444 disponeret
937 1404 957 1437 ‚
1007 1352 1367 1420 exercitum
1408 1352 1476 1420 in
1518 1352 1681 1421 duas
1738 1370 1959 1447 partes
2015 1355 2275 1445 divisit3
2327 1360 2430 1429 IV

292 1450 586 1548 legiones
621 1456 690 1523 in
725 1459 1017 1526 Senones
1059 1457 1466 1551 Parisiosque
1506 1459 1798 1528 Labieno
1843 1460 2175 1531 ducendas
2209 1463 2430 1552 dedit;

294 1561 395 1629 VI
437 1561 576 1654 ipse
619 1562 686 1629 in
724 1563 1059 1632 Arvernos
1109 1563 1193 1632 ad
1244 1563 1561 1659 oppidum
1622 1567 2024 1660 Gergoviam
2065 1569 2431 1641 secundum

294 1665 548 1736 flumen
565 1666 807 1737 Elaver
845 1668 1062 1756 duxit3
1098 1671 1426 1765 equitatus
1453 1686 1708 1765 partem
1745 1670 1871 1739 illi²
1903 1671 2203 1743 attribuit
2220 1697 2425 1769 ‚par-

294 1787 432 1842 tem
481 1774 605 1842 sibi
649 1774 926 1869 reliquit.
971 1777 1126 1864 Qua
1165 1801 1238 1844 re
1277 1778 1587 1870 cognita,
1632 1779 2175 1872 Vercingetorix,
2216 1783 2425 1851 omni-

297 1877 422 1948 bus
462 1880 844 2010 interruptis
880 1882 1019 1976 ejus
1059 1881 1344 1952 fluminis
1378 1884 1735 1978 pontibuS,
1770 1884 1853 1954 ab
1890 1884 2094 1954 altera
2131 1884 2428 1959 Elaveris

292 1971 532 2080 parte³
573 1988 697 2055 iter
738 1986 956 2057 facere
995 1989 1212 2084 coepit.

403 2095 688 2164 XXXV.
704 2094 936 2182 Quum
955 2108 1235 2189 uterque
1264 2096 1528 2189 utrique
1566 2111 1737 2167 esset
1774 2099 2096 2167 exercitus
2136 2101 2201 2167 in
2234 2124 2424 2171 cons-

296 2197 534 2292 pectu¹
540 2252 561 2289 ‚
589 2199 855 2296 fereque
882 2226 920 2269 e
950 2201 1216 2295 regione
1247 2203 1475 2272 castris
1503 2216 1719 2271 castra
1752 2219 2030 2298 poneret
2049 2258 2069 2292 ‚
2101 2205 2425 2301 dispositis

294 2376 723 2472 ,uffikgmsbua
752 2402 875 2455 Non
895 2402 1033 2456 male
1053 2414 1213 2469 certe,
1226 2401 1318 2456 sed
1403 2402 1575 2455 noem·
1587 2400 1945 2458 codd.habent
1957 2405 2426 2476 1225.inth

295 2478 412 2533 sine
436 2483 762 2535 auctoritate.
793 2480 967 2537 codd.
993 2482 1320 2555 antiquiores
1403 2500 1588 2536 vocem
1614 2484 1833 2537 omittit

297 2560 432 2613 noni
458 2572 512 2614 et
551 2559 746 2616 decimi
774 2563 981 2638 saculi,
1010 2562 1150 2617 inter
1187 2582 1321 2636 quos
1488 2582 1539 2616 α.
1569 2563 1672 2618 Illi.
1692 2562 1818 2618 scil.
1846 2563 2084 2618 Labieno
2104 2584 2206 2618 sno
2232 2565 2420 2638 legato.

1488 2642 1541 2697 3.
1575 2643 1660 2696 Ab
1688 2645 1843 2696 altera
1868 2645 2093 2698 Elavm‘s
2111 2658 2269 2715 parte.
2296 2647 2421 2714 Alii,

1404 2721 1467 2773 ab
1500 2724 1654 2774 altera
1667 2724 1890 2794 fluminis
1919 2737 2077 2795 parte.
2117 2726 2188 2778 At
2220 2726 2427 2797 ing-rata

1404 2813 1483 2853 est
1506 2803 1753 2874 repetitio
1780 2803 1925 2857 vocis
1948 2805 2189 2874 fhvninis.
2218 2806 2422 2859 Praetu-

296 2739 398 2792 per
421 2721 828 2794 compendium,
853 2723 925 2776 ita
952 2736 1012 2776 nt
1032 2720 1320 2776 admodum

297 2798 499 2854 dificile
516 2802 610 2855 fiat
633 2800 917 2856 decernere
933 2814 1052 2856 utra
1074 2802 1141 2856 sit
1164 2803 1320 2855 lectio

299 2883 429 2932 ὑιεει·
454 2899 522 2934 an
549 2884 690 2935 intr-o.
723 2882 910 2935 Potior
936 2900 1150 2954 quoque
1177 2880 1323 2934 vide-

300 2973 392 3013 tur
416 2961 660 3016 Oberlini
675 2962 832 3015 lectio
852 2965 1155 3023 intromissis;
1174 2959 1320 3034 quod

301 3040 480 3094 Cesar
505 3041 709 3113 sing-uh
736 3041 954 3113 singulis
983 3041 1236 3113 opponit;
1266 3054 1322 3096 et

301 3119 502 3173 Cotum
528 3142 560 3172 a
579 3123 767 3189 fratre,
780 3122 1256 3176 Convictolitanem
1287 3141 1322 3172 a

300 3200 646 3265 sacerdotibus,
680 3202 834 3255 illum
849 3205 1025 3272 paucis
1057 3202 1180 3253 clam
1207 3220 1320 3252 con-

304 3285 483 3334 vocatis
495 3320 512 3344 ,
547 3282 692 3336 hunc
721 3284 1000 3334 intromissis
1024 3284 1321 3351 magistrati-

303 3359 391 3412 bus
417 3375 651 3416 creatum
675 3360 822 3415 dicit.
853 3361 951 3414 His
974 3359 1246 3433 perpensis
1270 3372 1324 3412 et

300 3438 581 3495 declaratis
595 3481 612 3505 ,
629 3442 1095 3512 bositantibusque
1126 3438 1322 3493 codici-

301 3521 405 3574 bus
444 3533 579 3593 optt.
612 3534 666 3574 et
693 3520 1015 3587 editoribus,
1046 3522 1324 3572 intromissis

301 3602 362 3653 in
385 3612 636 3654 contextu
655 3620 876 3673 repono·

389 3680 520 3733 Cn.
535 3680 792 3734 XXXIV.
824 3699 871 3733 1.
896 3679 1126 3734 Omnibus
1144 3680 1326 3730 omissis

306 3761 383 3812 his
392 3760 544 3812 rebus.
555 3760 637 3813 Sc.
649 3757 926 3813 discordiis
935 3757 1326 3812 etdissentioni·

302 3841 424 3893 bus.
439 3839 643 3892 Harum
655 3859 835 3892 rerum
846 3840 1166 3892 oblivionem
1175 3838 1324 3890 Grae-

305 3920 356 3973 ci
374 3933 568 3973 vocant
580 3920 842 3991 ἀμνηςίαν.
860 3918 1092 3971 M.Tu11.
1111 3916 1249 3970 Phil.
1275 3934 1326 3982 ¹3

305 4018 353 4054 c.
381 4019 401 4052 1
433 4017 446 4051 τ
469 3999 694 4054 Groecum
720 4003 864 4051 etiam
893 3997 1088 4050 verbum
1101 4000 1328 4066 usurpavi

305 4099 401 4152 quo
438 4091 537 4130 tum
568 4082 618 4130 in
643 4079 866 4130 sedandis
894 4076 1141 4129 discordiis
1163 4078 1328 4128 civitas

307 4154 781 4222 (Atheniensium)
808 4170 914 4209 erat
931 4177 1016 4209 usa
1029 4195 1044 4219 ,
1080 4167 1219 4226 atque
1232 4174 1331 4206 om-

307 4257 412 4292 nem
436 4242 704 4290 memoriam
733 4237 1075 4289 discordiarum
1098 4235 1329 4288 oblivione

304 4322 590 4391 sempiterna
624 4317 872 4372 delendam
909 4318 1082 4371 censui.
1130 4315 1329 4370 Omnes

1401 2880 1558 2934 lerim
1585 2881 1834 2944 Elaver-is,
1862 2893 1924 2934 ut
1939 2883 2097 2936 habet
2125 2882 2244 2936 cod.
2272 2903 2423 2938 meus

1405 2958 1548 3029 5764
1557 2961 1770 3013 forsan
1782 2972 2029 3014 nentrum
2040 2962 2423 3033 recipiendumg

1405 3052 1459 3093 et
1475 3040 1782 3112 glossemata
1795 3052 1921 3093 sunt
1937 3041 2317 3111 vooesfluminis
2334 3054 2427 3096 aut

1405 3120 1657 3181 Elam-is,
1690 3132 1744 3171 et
1780 3118 2015 3172 absolute
2043 3118 2327 3190 legendum
2357 3121 2424 3174 ab

1391 3195 1561 3251 'altera
1595 3210 1739 3269 parte
1752 3238 1768 3262 ‚
1804 3196 1951 3271 quod
1992 3198 2117 3252 satis
2161 3217 2425 3271 superque

1405 3279 1734 3350 intelligitur.

1485 3360 1616 3413 Cu».
1628 3359 1860 3412 XXXV.
1876 3376 1900 3412 1
1913 3358 2093 3429 .Quum
2104 3370 2296 3430 uterque
2311 3363 2429 3411 utri-

1406 3459 1496 3512 que
1513 3451 1635 3491 esset
1648 3442 1877 3492 exercitus
1891 3442 1941 3491 in
1958 3450 2221 3508 conspectu.
2242 3439 2428 3492 Lectio

1407 3517 1567 3573 codd.
1580 3520 1715 3572 mire
1725 3518 1980 3572 cruciavit
1990 3517 2322 3590 interpretes,
2331 3518 2429 3588 qni

1409 3596 1542 3651 adeo
1580 3598 1907 3669 exagitarunt
1921 3635 1938 3664 ‚
1968 3609 2031 3650 nt
2068 3616 2184 3652 eam
2220 3595 2287 3650 ad
2316 3597 2431 3650 hnc

1407 3679 1571 3731 verbs
1587 3676 1918 3731 reducerent.
1938 3676 2322 3748 Plerornmqne
2334 3695 2428 3730 an·

1410 3770 1519 3810 tem
1547 3754 1706 3810 codd.
1725 3758 1883 3811 lectio
1912 3757 1986 3810 ita
2007 3756 2234 3809 sehabet
2254 3774 2268 3809 :
2287 3775 2430 3828 quum

1411 3848 1606 3908 uterque
1642 3839 1874 3909 utrimque
1908 3839 2081 3888 exisset
2121 3839 2350 3888 exereitus
2381 3840 2432 3888 in

1410 3928 1677 3987 conspectu.
1693 3915 1825 3980 Quae
1833 3912 2047 3987 quidem
2057 3933 2267 3967 sensum
2274 3914 2434 3970 offert

1411 4015 1561 4067 mque
1573 4006 1841 4068 patentem
1849 4006 1903 4046 et
1911 4006 2169 4066 apertum:
2178 3995 2435 4048 exercitus

1412 4076 1555 4128 enim
1577 4074 1795 4129 ecastris
1804 4074 1913 4127 exit
1933 4075 2286 4145 inconspectu
2307 4073 2434 4127 alte-

1412 4156 1524 4208 rius
1555 4154 1829 4208 exercitus.
1869 4154 1901 4206 J
1905 4172 1989 4206 am
2018 4165 2138 4206 ante
2176 4152 2436 4220 vidimus,

1413 4235 1705 4307 praesertim
1722 4234 1781 4287 in
1796 4233 1937 4286 bello
1955 4245 2137 4287 contra
2153 4234 2401 4288 Ariovist.
2417 4269 2434 4299 ,

1412 4314 1453 4370 l.
1485 4334 1536 4382 1,
1568 4315 1761 4371 Casari
1789 4325 2117 4368 constantem
2142 4313 2301 4370 fnisse
2325 4330 2447 4368 mo·

1923 4406 2066 4494 21³
