3111 5147
1056 537 1131 604 C.
1185 534 1467 604 JULII
1523 533 1989 603 CAESARIS
2044 530 2593 600 COMMENT.

754 668 1182 763 hortatusque
1220 682 1350 755 est,
1381 667 1478 735 uti
1523 667 1592 734 in
1636 664 1856 734 officio
1900 676 2361 758 permaneret.
2407 659 2612 729 nihilo
2656 675 2865 728 tamen

756 778 998 864 secius,
1036 773 1438 869 principibus
1467 773 1890 840 Trevirorum
1928 769 2011 838 ad
2040 794 2109 838 se
2142 769 2557 855 convocatis,
2582 768 2708 836 hos
2744 769 2867 835 sin-

755 879 1026 974 gillatim
1063 880 1467 974 Cingetorigi
1504 876 1916 946 conciliavit:
1948 875 2127 995 quod
2172 899 2376 969 quum
2423 874 2658 942 merito
2699 856 2864 966 ejus³

753 987 839 1055 ab
875 1010 944 1054 se
985 986 1130 1055 fieri
1166 983 1602 1078 intelligebat,
1629 999 1771 1052 tum
1804 984 2025 1076 magni
2055 984 2365 1050 interesse
2401 980 2868 1065 arbitrabatur,

755 1093 894 1186 ejus
930 1093 1385 1160 auctoritatem
1419 1092 1591 1158 inter
1626 1114 1777 1158 suos
1809 1087 2364 1183 quamplurimum
2411 1085 2630 1154 valere
2644 1086 2868 1177 ,cujus

756 1212 891 1266 tam
941 1199 1270 1334 egregiam
1314 1199 1379 1264 in
1433 1221 1502 1264 se
1553 1194 1960 1264 voluntatem
2006 1195 2455 1288 perspexisset.
2505 1192 2586 1260 Id
2628 1191 2867 1259 factum

755 1306 1043 1396 graviter
1068 1290 1248 1372 tulit⁴
1273 1301 1798 1389 Indutiomarus,
1830 1324 2013 1369 suam
2047 1303 2326 1395 gratiam
2360 1302 2530 1366 inter
2566 1322 2717 1367 suos
2755 1297 2865 1364 mi-

755 1411 902 1497 nui3
938 1424 1039 1498 et,
1072 1411 1182 1502 qui
1212 1400 1350 1501 jam
1386 1423 1539 1477 ante
1568 1408 1833 1476 inimico
1862 1410 1930 1474 in
1960 1431 2081 1474 nos
2115 1407 2335 1474 animo
2371 1404 2633 1490 fuisset,
2667 1402 2865 1471 multo

754 1517 1018 1608 gravius
1062 1516 1192 1582 hoc
1234 1513 1464 1582 dolore
1507 1514 1764 1582 exarsit.

859 1622 941 1690 V.
999 1622 1118 1688 His
1153 1620 1348 1692 rebus
1380 1620 1785 1706 constitutiS,
1819 1621 2041 1687 Caesar
2072 1617 2156 1686 ad
2191 1631 2457 1711 portum
2489 1617 2690 1684 Itium
2721 1638 2865 1682 cum

753 1725 1117 1821 legionibus
1145 1727 1460 1820 pervenit.
1491 1724 1593 1792 Ibi
1628 1727 2000 1818 cognoscit,
2025 1725 2154 1793 XL
2180 1747 2412 1810 naveS,
2435 1747 2581 1816 quae
2609 1723 2675 1789 in
2709 1719 2863 1789 Mel·

751 1832 853 1900 dis
875 1831 891 1856 ¹
924 1831 1114 1900 factae
1149 1845 1339 1899 erant
1357 1885 1377 1918 ,
1413 1844 1800 1925 tempestate
1833 1830 2104 1923 rejectas
2119 1884 2138 1918 ,
2179 1854 2446 1898 cursum
2477 1843 2700 1897 tenere
2739 1851 2865 1895 non

753 1938 1044 2031 potuisse
1065 1990 1084 2024 ,
1121 1951 1315 2030 atque
1349 1936 1582 2004 eodem
1605 1990 1624 2023 ,
1659 1935 1835 2004 unde
1862 1951 2051 2005 erant
2080 1935 2426 2030 profectae,
2456 1931 2863 2004 reverfisse':

754 2041 1036 2136 reliquas
1072 2057 1334 2137 paratas
1365 2041 1449 2110 ad
1487 2042 1967 2137 navigandum,
1997 2057 2191 2136 atque
2217 2042 2522 2111 omnibus
2557 2042 2751 2110 rebus
2776 2041 2864 2108 in-

767 535 909 633 176

838 2254 888 2306 3.
935 2252 1084 2321 Quod
1121 2271 1262 2325 quum
1291 2255 1478 2312 mento,
1513 2266 1605 2308 etc
1641 2254 1774 2304 Duae

753 2347 836 2386 r’es
859 2330 926 2385 ad
950 2330 1007 2384 id
1033 2333 1291 2385 Caesarem
1323 2333 1678 2403 impellebant.
1717 2321 1772 2384 1⁰

753 2412 1076 2505 intelligebat
1116 2412 1217 2463 sibi
1258 2412 1331 2464 sic
1362 2409 1636 2502 agendum
1653 2428 1773 2480 erga

1858 2270 2075 2305 nensem
2090 2290 2107 2317 ,
2134 2251 2228 2304 ubi
2256 2270 2414 2304 naves
2440 2251 2601 2305 factas
2625 2249 2691 2304 ad
2707 2262 2865 2304 mns-

1859 2330 2178 2385 mittendum
2224 2332 2280 2384 in
2328 2332 2656 2384 Britanniam
2703 2331 2866 2384 neuti-

1858 2430 2019 2483 quam
2055 2410 2356 2463 verisimile.
2399 2401 2457 2464 2⁰
2487 2411 2677 2464 Strabo
2718 2411 2754 2462 1.
2784 2428 2866 2474 tv,

753 2492 928 2545 virum
948 2489 1230 2544 desebene
1244 2502 1559 2556 merentem,
1579 2478 1655 2555 2⁰,
1673 2503 1771 2543 etc.

836 2580 889 2634 4.
921 2570 985 2623 Id
1000 2571 1190 2637 factum
1206 2575 1420 2639 graviter
1436 2570 1561 2621 tulit.
1588 2571 1776 2638 Tbsao-

757 2660 854 2700 tum
899 2650 1150 2720 glossema
1181 2650 1427 2701 nonnulli
1467 2661 1674 2702 vocant.
1704 2652 1775 2702 At

756 2729 813 2780 in
840 2728 1031 2781 nostris
1063 2725 1217 2781 codd.
1248 2726 1409 2780 adest.

837 2808 964 2860 Cu».
997 2808 1067 2859 V.
1110 2825 1158 2860 1.
1189 2808 1251 2860 In
1280 2808 1473 2861 Meldis.
1502 2810 1623 2861 Jam
1640 2808 1774 2861 anti-

755 2886 966 2958 quiores
979 2924 996 2952 ,
1013 2886 1188 2958 inquit
1207 2888 1391 2939 Morus
1405 2925 1421 2953 ,
1443 2888 1633 2941 offensi
1654 2900 1777 2941 sunt

754 2960 1005 3031 lectione,
1036 2967 1288 3038 quoniam
1319 2966 1486 3020 Meldi
1521 2966 1774 3021 Mediter-

755 3047 902 3100 ranei
933 3047 1179 3114 fuerunt,
1212 3045 1353 3119 apud
1385 3067 1517 3119 quos
1561 3048 1775 3100 classem

756 3124 1064 3181 oedificatam
1106 3146 1215 3181 esse
1254 3147 1363 3180 non
1408 3126 1662 3180 credibile
1690 3128 1773 3179 sit.

755 3206 897 3277 Ergo
937 3208 1022 3258 vel
1059 3207 1227 3277 Belgis
1259 3226 1380 3259 cum
1415 3206 1687 3260 codicibus
1723 3218 1778 3259 et

754 3283 878 3339 edd.
924 3285 1240 3356 quibusdam
1285 3286 1517 3356 legetur;
1540 3287 1623 3338 vel
1665 3284 1772 3344 duo

755 3364 942 3436 populi
970 3365 1186 3416 fuerunt
1205 3364 1300 3434 qui
1338 3363 1525 3416 eodem
1562 3366 1775 3418 nomine

757 3445 840 3497 usi
871 3455 1030 3497 sunt:
1054 3444 1142 3495 alii
1174 3441 1241 3496 ad
1273 3442 1576 3507 Oceanum,
1607 3444 1694 3495 alii
1718 3445 1772 3496 in

757 3522 1155 3576 Mediterraneis
1207 3523 1370 3588 locis;
1413 3525 1498 3575 vel
1553 3523 1773 3575 omnino

758 3615 1067 3674 corruptum
1081 3615 1156 3655 est
1173 3602 1276 3654 hoc
1292 3604 1529 3655 verbum.
1555 3602 1638 3655 Ita
1662 3603 1776 3655 Mo·

758 3682 958 3748 rus‚ab
981 3682 1221 3734 Oberlin.
1247 3682 1450 3735 citatus.
1478 3682 1662 3734 Morus
1684 3702 1777 3734 no·

757 3762 916 3814 minis
932 3760 1273 3815 similitudine
1288 3760 1554 3834 deceptus,
1570 3760 1774 3815 Meldos

753 3842 901 3911 juxta
928 3841 1152 3895 Parisios
1195 3841 1415 3894 innuere
1456 3840 1668 3895 videtur
1690 3854 1776 3895 :at

758 3921 915 3974 fuisse
945 3922 1071 3973 alios
1097 3922 1320 3993 populos
1344 3923 1450 3975 sub'
1473 3921 1660 3974 eodem
1682 3941 1777 3974 no·

758 4001 901 4054 mine
930 4014 1133 4054 eertum
1163 4013 1240 4055 est
1265 4020 1279 4054 :
1306 4003 1482 4073 primo
1509 4002 1710 4054 Plinius
1723 4014 1777 4054 et

755 4078 1068 4133 Ptolemaeus
1132 4079 1338 4135 Meldos
1402 4082 1661 4135 collocant
1716 4082 1773 4134 in

759 4158 930 4209 Gallia
984 4158 1323 4230 Lugdunensi
1338 4199 1355 4225 ,
1389 4162 1527 4213 ultra
1571 4160 1773 4214 AEduos

758 4249 810 4289 et
837 4236 1086 4305 Parisios,
1109 4257 1289 4292 versus
1313 4240 1539 4293 Galliam
1570 4241 1779 4295 Narbo-

1859 2509 1973 2561 cap.
2012 2496 2134 2553 104.
2161 2489 2287 2543 edit.
2317 2490 2479 2544 Paris.
2506 2490 2646 2544 clare
2670 2487 2866 2542 Meldos

1859 2570 2012 2643 ponit
2053 2571 2193 2623 infra
2230 2570 2482 2637 Parisios,
2511 2584 2568 2624 et
2592 2567 2660 2623 ad
2690 2586 2865 2623 mni-e:

1859 2650 1968 2704 Εἰσὶ
1992 2650 2075 2704 καὶ
2090 2653 2131 2703 οἱ
2154 2652 2414 2721 Παρίοισι,
2434 2671 2482 2703 ιι.
2506 2672 2556 2703 τ.
2584 2656 2631 2703 λ.
2651 2649 2733 2703 καὶ
2750 2652 2872 2704 MD.-

1860 2725 1963 2795 δοι,
1977 2730 2337 2792 καὶΛηξοοὺἴοι,
2352 2732 2718 2800 παρωκεανίται
2732 2720 2867 2782 οὗτοι.

1860 2808 2020 2862 Unde
2050 2808 2330 2863 Goduinus
2366 2810 2613 2881 intelligit
2647 2828 2735 2864 eos
2767 2827 2869 2862 esse

1860 2889 1952 2960 qui
1982 2889 2314 2960 peninsulam
2353 2889 2439 2942 vel
2478 2908 2628 2942 oram
2676 2888 2870 2942 mariti-

1860 2987 2001 3020 mam
2022 2969 2286 3033 incolunt,
2301 2969 2395 3020 ubi
2412 2987 2559 3036 nune
2582 2969 2869 3038 Cha-bourg-

1860 3049 1974 3119 Ego
1995 3067 2121 3101 vero
2150 3049 2331 3100 Meldis
2352 3047 2736 3102 restituendum
2752 3049 2873 3101 exis·

1860 3128 2075 3193 timavi,
2102 3128 2548 3181 consentientibus
2574 3127 2730 3181 codd.
2758 3147 2876 3180 nos·

1861 3208 1956 3259 tris
1987 3225 2000 3259 ε
2021 3208 2130 3260 sive
2153 3208 2261 3260 sint
2283 3207 2440 3261 Meldi
2463 3210 2607 3278 juxta
2624 3207 2872 3273 Parisios,

1861 3281 1962 3349 (les
2020 3287 2261 3339 habitam
2317 3287 2376 3338 de
2434 3283 2643 3347 Menas)
2668 3307 2690 3347 ,·
2735 3286 2871 3337 nihil

1861 3366 2003 3419 enim
2017 3364 2264 3437 impedit,
2279 3362 2556 3437 quominus
2572 3384 2728 3417 naves
2744 3384 2872 3418 oon-

1860 3458 2071 3498 structoe
2097 3446 2155 3497 in
2178 3443 2370 3498 Meldis
2393 3465 2491 3516 per
2507 3446 2803 3498 Matr-onam
2820 3446 2873 3497 in

1860 3524 2152 3595 Sequanam
2167 3563 2184 3588 ‚
2212 3538 2368 3596 atque
2380 3524 2507 3578 inde
2524 3526 2579 3577 in
2609 3525 2874 3579 Oceanum

1860 3604 2058 3656 fuerint
2114 3603 2369 3669 devectae3
2410 3606 2519 3657 sive
2578 3606 2787 3675 potius,
2822 3617 2878 3656 nt

1859 3696 2013 3753 putat
2027 3685 2298 3738 D'Anville
2309 3724 2323 3745 ‚
2345 3683 2508 3737 Meldi
2525 3685 2725 3737 fuerint
2744 3687 2876 3737 inter

1860 3763 2017 3815 urbes
2051 3782 2193 3817 nunc
2222 3763 2387 3817 dictas
2419 3764 2574 3817 Gand
2598 3776 2652 3816 et
2697 3765 2877 3835 Bneges

1861 3861 1944 3893 sur
1958 3843 2203 3896 l’Escaut.
2220 3842 2354 3895 Inde
2374 3844 2517 3896 enim
2535 3841 2812 3898 descensus
2824 3844 2877 3895 in

1860 3940 2006 3974 mare
2025 3922 2190 3976 facilis
2220 3924 2429 3987 fuisset;
2454 3924 2600 3976 hunc
2632 3926 2773 3977 enim
2802 3925 2878 3976 lo·

1861 4020 1985 4055 cum
2013 4014 2165 4056 vocat
2193 4003 2482 4056 Metti-Fen.

1947 4103 1996 4135 α.
2009 4082 2079 4135 Re
2081 4088 2280 4135 vertisse.
2291 4084 2372 4134 Al.
2384 4096 2566 4136 contra
2581 4082 2736 4136 codd.
2749 4094 2876 4153 optt.

1862 4162 2060 4215 habent
2089 4166 2280 4215 relatas.
2309 4162 2480 4218 Codd.
2516 4182 2657 4234 regg.
2698 4162 2844 4234 5763
2861 4197 2878 4226 ‚

1871 4242 2019 4312 5764
2041 4279 2057 4310 ,
2089 4247 2342 4297 revertisse.
