3111 5147
239 797 386 954 c.
447 718 1133 952 JiJLII
1254 797 2363 958 CAESARIS

645 1323 1943 1432 COMMENTARII.

737 1778 1152 1870 LIBER
1221 1779 1851 1870 TERTIUS.

255 2011 546 2165 Quuu
584 2067 653 2134 in
693 2064 955 2136 Italiam
998 2066 1528 2162 proficisceretur
1572 2069 1829 2153 Caesar‚
1870 2066 2173 2138 Servium
2204 2068 2361 2139 Gal·

249 2170 400 2243 bam
421 2171 463 2261 ¹,
488 2198 635 2244 cum
676 2170 933 2267 legione
958 2172 1349 2242 duodecima
1378 2186 1448 2241 et
1479 2186 1669 2267 parte
1695 2175 2019 2267 equitatus
2036 2229 2055 2262 ,
2087 2177 2155 2244 in
2188 2178 2364 2246 Nan·

249 2292 480 2366 untes,
508 2280 876 2374 Veragros,
910 2279 1339 2372 Sedunosque
1382 2277 1596 2367 misit,
1625 2280 1736 2372 qui
1778 2279 1863 2346 ab
1900 2279 2141 2349 finibus
2181 2279 2361 2350 Allo-

248 2382 539 2480 brogum,
558 2399 627 2454 et
648 2384 795 2454 lacu
825 2387 1192 2473 Lemanno,
1221 2397 1289 2452 et
1307 2383 1578 2452 flumine
1595 2383 1950 2474 Rhodano,
1969 2385 2053 2453 ad
2071 2410 2364 2457 summas

242 2484 429 2587 Alpes
458 2493 811 2587 pertinent.
847 2493 1066 2561 Causa
1097 2488 1398 2560 mittendi
1433 2487 1560 2558 fuit
1580 2544 1598 2578 ,
1627 2490 1807 2586 quod
1835 2492 1960 2559 iter
1986 2516 2105 2587 per
2132 2490 2363 2588 AIPeS,

244 2621 364 2691 quo
402 2623 654 2694 magno
696 2623 851 2668 cum
892 2595 1189 2693 periculo
1218 2597 1603 2691 magnisque
1637 2623 1790 2666 cum
1826 2599 2136 2692 portoriis
2152 2596 2172 2623 ²
2200 2624 2363 2669 mer-

240 2717 487 2774 catores
530 2705 628 2773 ire
688 2718 1121 2793 consuerant,
1150 2702 1448 2801 patefieri
1489 2703 1771 2773 volebat.
1818 2705 1990 2774 Huic
2033 2707 2365 2799 permisit,

239 2810 288 2879 si
320 2836 491 2906 opus
538 2834 682 2880 esse
732 2809 1194 2898 arbitraretur,
1229 2810 1326 2878 uti
1367 2811 1436 2877 in
1478 2811 1572 2878 eis
1614 2806 1775 2879 locis
1816 2808 2142 2905 legionem
2163 2865 2182 2900 ,
2225 2812 2360 2881 hie·

239 2917 455 2986 mandi
501 2940 698 2986 causa
719 2969 739 3002 ‚
782 2915 1154 2986 collocaret.
1203 2911 1421 2984 Galba
1440 2965 1460 3001 ,
1493 2915 1794 3014 secundis
1841 2913 2088 3008 aliquot
2129 2916 2365 3010 praeliis

238 3019 455 3113 factis,
495 3021 903 3116 castellisque
945 3020 1398 3117 compluribus
1439 3043 1671 3089 eorum
1707 3023 2126 3114 expugnatis,
2155 3023 2366 3091 missis

239 3126 317 3195 ad
337 3154 495 3200 curn
532 3128 823 3223 undique
851 3127 1078 3222 legatis
1098 3181 1118 3214 ,
1147 3125 1612 3219 obsidibusque
1637 3124 1805 3194 datis
1824 3179 1844 3212 ,
1867 3139 1935 3194 et
1961 3149 2123 3220 pace
2151 3125 2328 3197 facta
2346 3181 2366 3214 ,

240 3237 578 3306 constituit
595 3288 615 3323 ,
647 3234 956 3304 cohortes
985 3233 1148 3302 duas
1176 3236 1246 3301 in
1272 3231 1719 3303 Nantuatibus
1751 3230 2108 3319 collocare,
2134 3234 2366 3326 etipse

242 3361 385 3409 cum
420 3341 690 3436 reliquis
726 3340 867 3433 ejus
903 3337 1172 3434 legionis
1209 3337 1592 3408 cohortibus
1618 3338 1685 3405 in
1711 3338 1861 3407 vico
1883 3340 2369 3433 Veragrorum,

242 3449 347 3540 qui
381 3445 757 3544 appellatur
799 3443 1217 3534 Octodurus,
1246 3444 1578 3514 hiemare:
1613 3445 1727 3538 qui
1762 3445 1948 3514 vicus
1967 3497 1988 3531 ,
2015 3441 2268 3538 positus
2298 3445 2366 3512 in

314 3657 448 3711 Cu.
466 3659 511 3709 1.
544 3675 593 3709 ι.
617 3656 750 3710 Serv.
774 3654 1002 3711 Galbam
1017 3654 1156 3707 Male
1168 3655 1264 3726 qni
1347 3655 1570 3726 interpr.
1586 3654 2368 3725 φορτίοιςειιιεὶὶωμίπορῠμίοις,

237 3736 417 3807 legunt
431 3736 656 3807 Sergium
673 3734 914 3790 Galbam:
927 3753 1051 3787 nam
1064 3734 1262 3805 Sergius
1349 3751 1441 3787 seu
1468 3738 1656 3795 ναῦλοις
1677 3732 1913 3799 dixissen
1929 3735 2000 3787 ita
2029 3735 2172 3788 enim
2197 3735 2371 3788 Cesar

235 3833 433 3870 nomen
453 3827 532 3869 est
545 3815 736 3886 gentis,
751 3834 816 3868 ex
831 3833 935 3887 qun
944 3825 1067 3867 sunt
1080 3813 1195 3867 Silii
1210 3826 1264 3867 et
1350 3824 1503 3865 vocat
1519 3813 1789 3885 vectigalia
1810 3831 1840 3865 a
1861 3813 2241 3867 mercatoribus
2268 3832 2371 3885 pro

236 3893 515 3960 Catilium
548 3895 739 3948 Servius
784 3912 911 3947 vero
954 3911 1262 3966 pronomen
1349 3893 1576 3945 uansitu
1608 3892 1866 3946 mercium
1896 3890 2164 3964 exigenda.
2199 3893 2370 3945 Porro

236 3976 665 4047 peculim-egenti
682 3973 948 4046 Sulpitioe,
967 3992 1070 4045 qua
1086 3973 1267 4026 oriun-
1351 3971 1545 4026 Cauri
1601 3989 1759 4042 grave
1806 3984 1919 4024 erat
1969 3973 2149 4043 mag-ni
2189 3972 2373 4025 venire

237 4051 338 4107 <lus
365 4066 486 4108 erat
513 4064 694 4107 noster
721 4053 907 4108 Galba.
929 4051 1057 4106 Vid.
1080 4052 1262 4105 Ursin.
1352 4067 1551 4104 merces
1611 4052 1668 4103 in
1720 4051 1828 4103 suis
1879 4051 2223 4117 exercitibus,
2252 4069 2372 4123 quo

236 4131 609 4188 &contained
621 4133 765 4187 Suet.
784 4133 1001 4186 θῶας.
1020 4139 1075 4195 4.
1092 4130 1264 4186 codd.
1352 4147 1551 4184 merces
1585 4146 1650 4183 ex
1679 4129 1850 4183 Gallia
1887 4129 2151 4201 Cisalpina
2182 4148 2374 4203 magno

238 4214 411 4266 nom-i
441 4213 637 4267 habent
655 4212 884 4267 servem.
1353 4226 1479 4263 cum
1516 4209 1757 4281 periculo
1804 4221 1858 4263 et
1908 4222 2126 4284 sumptu
2145 4201 2377 4266 'devehe-

326 4312 378 4345 2.
394 4291 687 4365 Magnique
705 4312 809 4346 cum
827 4294 1070 4364 portoriis.
1097 4289 1266 4345 Grac.
1353 4290 1564 4344 buntur.

1980 4383 2005 4423 ³

1925 4421 1964 4493 7
