3111 5147
723 518 871 608 432

1019 521 1096 588 C.
1151 519 1436 587 JULII
1490 516 1964 600 CAESARIS
2017 513 2576 585 COMMENT.

721 652 902 723 nulla
935 650 1304 723 calamitate
1335 652 1549 719 victus
1578 651 1867 718 Correus
1883 632 1910 671 ⁶
1930 646 2248 717 excedere
2274 646 2500 742 praelio
2524 645 2872 741 silvasque

722 775 984 855 petere,
1011 772 1164 846 aut,
1189 756 1616 825 invitantibus
1644 755 1886 824 nostris
1907 754 1993 823 ad
2026 752 2423 823 deditionem
2445 755 2713 848 ‚potuit
2739 752 2874 821 ad·

722 866 877 936 duci
887 867 1118 959 ,quin‚
1137 863 1484 933 fortissime
1503 861 1861 981 praeliando
1882 858 2383 956 compluresque
2402 858 2839 929 vulnerando
2852 912 2874 948 ‚

725 986 993 1067 cogeret
1013 968 1221 1040 elatos
1245 969 1585 1038 iracundia
1601 968 1624 1008 ⁷
1653 969 1935 1038 victores
1960 965 2027 1035 in
2052 991 2125 1036 se
2142 966 2274 1037 tela
2300 952 2675 1061 conjicere³
2680 1018 2695 1033 .

829 1080 982 1146 XX.
1037 1074 1178 1145 Tali
1231 1074 1432 1143 modo
1480 1100 1553 1145 re
1606 1090 1836 1169 gesta,
1885 1074 2256 1144 recentibus
2309 1072 2517 1169 praelii
2564 1072 2874 1167 vestigiis

728 1163 1059 1279 ingressus
1080 1181 1359 1252 'Caesar
1383 1234 1402 1268 ‚
1431 1206 1638 1275 quum
1668 1184 1878 1252 victos
1905 1195 2088 1250 tanta
2117 1179 2488 1250 calamitate
2507 1181 2873 1249 existima

727 1304 831 1359 ret
870 1289 1130 1372 hostes,
1172 1289 1417 1358 nuncio
1460 1303 1773 1383 accepto,
1809 1287 2025 1360 locum
2070 1302 2439 1357 castrorum
2474 1283 2871 1370 relicuum,

726 1420 872 1489 quae
923 1421 1059 1464 non
1115 1393 1376 1490 longius
1423 1396 1507 1464 ab
1558 1420 1635 1464 ea
1688 1395 1866 1464 caede
1917 1395 2143 1465 abesse
2190 1392 2338 1489 plus
2391 1391 2647 1462 minus²
2702 1406 2870 1461 octo

812 1607 866 1657 6.
904 1604 1065 1674 Quum
1094 1606 1280 1656 interim
1309 1602 1443 1655 nulla
1472 1604 1747 1655 calamitate

730 1687 887 1736 victus
921 1683 1124 1736 Correus
1142 1724 1157 1747 ,
1188 1696 1277 1735 etc.
1326 1683 1479 1735 Mens
1519 1682 1747 1736 auctoris

732 1776 810 1817 est
843 1762 1130 1816 admodum
1171 1762 1448 1835 perspicua
1463 1800 1480 1827 ,
1511 1760 1604 1815 sed
1634 1776 1746 1815 tur-

727 1845 888 1896 batur
913 1843 1123 1897 insolita
1151 1842 1544 1896 constructione
1571 1860 1748 1896 sensus

730 1921 952 1995 phrasis.
984 1922 1127 1975 Dicit
1143 1933 1324 1974 auctor
1349 1923 1610 1975 Correum
1628 1923 1748 1975 nul·

730 2003 782 2055 la
808 2000 1100 2054 calamitate
1116 2001 1346 2066 victum,
1372 2001 1624 2068 fractum,
1638 2022 1745 2055 non

731 2081 965 2153 potuisse
990 2079 1181 2134 adduci
1209 2093 1269 2134 ιιι
1296 2082 1380 2133 vel
1411 2082 1643 2156 fugeret,
1666 2082 1749 2135 vel

733 2161 1077 2215 invitantibus
1091 2155 1359 2227 Romanis,
1371 2181 1426 2215 se
1437 2162 1501 2215 iis
1515 2161 1750 2216 dederet·

734 2240 879 2296 unde
922 2243 1118 2295 factum
1166 2255 1272 2306 est,
1321 2253 1382 2296 ιιι
1428 2241 1748 2334 praeliando‚

736 2322 1138 2394 compluresque
1152 2321 1367 2374 vulnera
1373 2321 1481 2373 ndo
1493 2360 1509 2385 ‚
1524 2322 1751 2392 coegerit

728 2401 1096 2465 victores,etc.
1109 2402 1298 2453 Varias
1319 2399 1384 2452 ad
1408 2402 1549 2452 hunc
1574 2401 1751 2454 locum

734 2479 1128 2534 emendationes
1158 2491 1550 2551 proposuerunt
1586 2480 1750 2533 inter·

738 2572 930 2632 pretes.
961 2608 966 2613 ,
986 2559 1231 2613 Davisius
1290 2560 1514 2632 primam
1570 2579 1753 2614 vocem

736 2641 894 2691 victus
914 2637 1089 2691 delere
1103 2638 1300 2691 voluit:
1317 2652 1368 2691 at
1386 2651 1506 2710 post
1531 2637 1752 2692 modum

739 2737 853 2772 eam
869 2717 1088 2772 retinuit
1103 2758 1118 2785 ,
1140 2731 1192 2770 et
1217 2719 1287 2771 ita
1310 2718 1465 2789 legit,
1490 2736 1557 2772 ex
1575 2730 1751 2773 vetere

739 2796 857 2852 ood-
886 2799 1015 2851 Lov.
1035 2818 1178 2870 quum
1205 2802 1388 2851 &terim
1405 2800 1539 2851 neella
1560 2801 1753 2852 calmi-

746 2890 844 2929 cate
860 2882 1004 2931 victus
1030 2877 1232 2931 Correus
1245 2878 1463 2931 excedere
1469 2880 1655 2951 praelio,
1672 2879 1756 2931 sil-

742 2960 1405 3031 vasquepctere;invitantibus
1417 2960 1758 3012 nostraadde-

740 3038 1133 3099 άίιὶοηεηωιιω)
1148 3033 1269 3109 (pro
1280 3036 1385 3102 aut)
1389 3045 1552 3109 potuit
1561 3038 1748 3101 «aldadi,

743 3122 858 3189 quin
872 3155 889 3181 ‚
911 3130 999 3171 etc.
1028 3117 1218 3170 Infelix
1246 3132 1386 3171 certe
1416 3118 1714 3172 emendatio
1736 3157 1752 3185 ,

743 3215 963 3267 quaeque
1011 3196 1168 3249 etiam
1210 3198 1427 3250 minime
1468 3200 1755 3252 necessaria

743 3288 851 3329 est:
876 3294 998 3328 nam
1010 3313 1026 3340 ‚
1045 3289 1104 3328 ut
1121 3289 1261 3329 recte
1280 3279 1523 3331 observat
1541 3277 1757 3332 Ouden-

744 3353 898 3425 dorp.
915 3393 933 3419 ,
956 3375 1060 3408 vox
1100 3357 1233 3408 malla
1273 3357 1329 3409 in
1366 3358 1757 3411 constructione

744 3432 891 3487 idem
909 3435 1046 3505 valet
1072 3434 1217 3506 quod
1241 3456 1335 3489 non
1360 3437 1478 3490 ulla.
1507 3436 1592 3490 Sic
1612 3438 1755 3490 nulla

747 3514 844 3567 alia
873 3516 1149 3586 negatione
1173 3534 1307 3586 opus
1343 3529 1451 3580 est,
1483 3528 1535 3569 et
1577 3536 1756 3571 sensus

746 3606 888 3647 recte
909 3594 1226 3665 percipitur,
1241 3595 1336 3647 etsi
1351 3634 1367 3661 ,
1382 3607 1444 3648 ut
1453 3595 1616 3649 modo
1625 3596 1756 3663 dixi,

745 3674 1071 3727 constructio
1098 3673 1165 3726 sit
1191 3674 1416 3730 insolita.

830 3773 883 3824 7.
907 3755 1083 3807 Elatos
1100 3754 1364 3809 iracundia.
1384 3757 1450 3809 In
1486 3758 1756 3810 nonnullis

749 3831 907 3886 codd.
934 3833 1079 3887 deest
1106 3834 1272 3888 elanus.
1298 3835 1438 3889 Male
1462 3853 1476 3888 ε
1500 3854 1627 3890 nam
1645 3856 1760 3908 pas-

750 3913 850 3966 sim
878 3914 1125 3966 usitatum
1153 3927 1229 3967 est
1246 3916 1397 3968 datus
1411 3935 1517 3987 spe,
1533 3921 1753 3978 victoria,

751 4006 841 4045 etc.
887 4004 940 4045 et
987 3992 1300 4065 Sophocles,
1329 3995 1566 4062 Electra,
1612 4000 1725 4065 629
1742 4033 1759 4061 ‚

752 4071 911 4124 habet
927 4074 1094 4144 ἐκφέρῃ
1117 4076 1236 4144 πρὸς
1251 4076 1412 4147 ὀργὴν.
1429 4075 1624 4129 Noster
1638 4074 1757 4129 cod.

748 4150 907 4219 ’5763
926 4188 942 4215 ,
970 4153 1092 4222 legit
1114 4155 1279 4206 elatos.

835 4232 887 4283 8.
917 4231 979 4283 In
998 4251 1048 4283 ce
1075 4233 1169 4284 tela
1187 4238 1432 4303 conjicere.
1456 4235 1526 4289 Et
1542 4233 1601 4289 id
1613 4273 1630 4302 ‚
1647 4236 1757 4291 scil.

1833 1603 1999 1668 victos
2013 1603 2127 1656 fore
2148 1603 2208 1655 in
2232 1601 2418 1674 prelio
2431 1600 2615 1655 Gallos
2628 1636 2648 1663 ‚
2683 1619 2871 1656 necea-

1821 1682 1971 1750 ‚sario
1981 1679 2295 1753 sequebatur
2307 1702 2372 1735 ex
2383 1679 2590 1735 insidiis
2603 1679 2865 1745 detectis;

1832 1761 1955 1834 quia
1989 1759 2320 1814 insidiatores
2342 1760 2659 1834 deprehensi
2675 1799 2695 1827 ‚
2727 1779 2867 1832 agre

1834 1861 1893 1895 ac
1930 1842 2169 1914 periculo
2218 1860 2315 1894 suo
2365 1843 2623 1894 rationem
2664 1859 2871 1913 pugnas

1834 1940 2042 1994 semper
2088 1933 2293 1978 mutare
2336 1935 2615 1994 coguntur.
2662 1924 2773 1986 Ax,
2808 1934 2869 1974 ιιι

1834 2002 1969 2055 bene
1984 2042 2000 2067 ,
2024 2001 2226 2067 lector,
2253 2001 2496 2055 ordinem
2520 2002 2699 2073 prelii
2738 2021 2867 2074 per-

1835 2081 2028 2152 cipias,
2055 2079 2121 2133 ad
2159 2079 2216 2134 id
2262 2080 2494 2136 attendas
2520 2100 2741 2134 necesse
2766 2095 2863 2135 est.

1835 2162 2068 2233 Campus
2087 2161 2145 2214 in
2164 2163 2566 2235 quoiitpugna‚
2588 2161 2643 2213 in
2670 2180 2864 2216 omnes

1835 2255 2011 2312 partes
2026 2260 2137 2294 non
2156 2244 2379 2314 amplius
2393 2256 2576 2313 patens
2594 2261 2740 2313 pass.
2764 2244 2866 2306 M..

1835 2321 2240 2375 circumcinctus
2254 2360 2272 2389 ,
2298 2323 2425 2376 hinc
2446 2324 2590 2375 silvis
2622 2322 2860 2393 impedi·

1836 2400 2081 2463 tissimis‚
2114 2402 2259 2454 verb.
2288 2422 2365 2475 gr.
2388 2400 2617 2455 mediam
2646 2416 2863 2473 partem

1835 2479 2358 2551 occupantibusfinde
2370 2481 2592 2535 flumine
2603 2482 2865 2537 altissimo

1836 2561 2052 2613 alteram
2069 2575 2272 2633 partem
2290 2563 2769 2635 circumcingemus,
2786 2566 2867 2619 in·

1836 2639 1983 2694 sidiis
2008 2644 2334 2712 aptissimum
2353 2644 2623 2716 praebebat
2639 2644 2861 2699 locum:

1835 2736 1959 2772 nam
1995 2720 2222 2776 Correus
2246 2724 2303 2776 in
2332 2724 2476 2777 silvis
2502 2721 2643 2775 unde
2670 2744 2863 2777 amn·

1835 2817 1963 2871 pere
1994 2801 2145 2857 facile
2154 2815 2353 2874 posset,
2374 2802 2591 2856 insidias
2617 2804 2832 2859 locarat
2846 2845 2864 2872 ,

1837 2892 1891 2933 et
1930 2880 1987 2932 in
2033 2880 2249 2936 flumine
2291 2897 2482 2953 pontes
2501 2896 2807 2951 struxerat,
2838 2906 2869 2938 e

1837 2958 2031 3030 quibus
2054 2981 2240 3016 manus
2259 2961 2483 3016 delecta
2494 2963 2647 3016 simul
2665 2965 2732 3016 in
2762 2967 2874 3019 Ro-

1837 3057 2022 3091 manos
2056 3042 2244 3097 Coi-rei
2260 3042 2482 3115 impetui
2507 3041 2729 3096 ferendo
2750 3044 2875 3099 des-

1837 3118 2251 3185 tinatosdnsilire
2262 3135 2488 3193 possent.
2504 3123 2577 3174 Ea
2589 3136 2705 3175 erat
2716 3126 2874 3178 nitio

1836 3216 2025 3270 pugnae
2052 3221 2065 3255 :
2094 3214 2146 3254 at
2169 3202 2322 3254 aliter
2347 3203 2543 3267 evenit,
2568 3215 2625 3253 ut
2643 3203 2700 3254 h.
2732 3222 2871 3275 cap.

1840 3277 2033 3333 vidisti.
2055 3283 2195 3335 Cave
2214 3293 2390 3335 autem
2410 3302 2475 3336 ne
2499 3292 2641 3351 putes
2664 3293 2866 3336 totum

1837 3375 2082 3429 campum
2094 3360 2290 3413 flumen
2299 3359 2726 3415 circumcinxisse:
2738 3361 2866 3415 hoo

1838 3438 1977 3490 enim
1987 3441 2284 3510 posito,loci
2290 3440 2555 3513 dispositio
2560 3438 2625 3492 ad
2631 3444 2875 3512 propul-

1839 3516 2079 3586 sandum,
2087 3539 2197 3573 non
2205 3518 2272 3573 ad
2278 3520 2631 3574 lacessendum
2645 3520 2871 3577 insidiis

1840 3597 2045 3651 hostem
2065 3613 2185 3673 apta
2208 3601 2415 3666 finisset,
2432 3599 2575 3672 quod
2598 3599 2747 3654 credi
2769 3603 2871 3657 vix

1841 3690 2012 3748 potest
2024 3715 2041 3742 ‚
2055 3680 2137 3733 vel
2150 3678 2217 3733 de
2229 3681 2466 3733 barbaris
2493 3681 2863 3735 inscientibus.

1839 3757 1961 3809 Jam
1989 3760 2196 3813 monuit
2230 3761 2413 3832 Turpia
2436 3760 2497 3812 de
2527 3761 2711 3822 Cri-ese,
2744 3764 2863 3816 vol.

1843 3851 1889 3889 ιι
1902 3874 1919 3902 ,
1948 3856 2005 3908 p.
2041 3857 2063 3891 1
2077 3841 2168 3907 98.

1924 3918 2052 3971 Cu».
2074 3919 2195 3971 XX.
2222 3936 2271 3971 1.
2298 3919 2653 3974 Roeensismffl
2671 3924 2863 3991 ingres·

1842 4015 1937 4047 sus.
1983 3999 2101 4051 Ibat
2147 4017 2242 4070 per
2286 4017 2407 4052 enm
2457 4018 2700 4072 campum
2714 4039 2734 4065 ‚
2764 4002 2864 4053 ubi

1843 4093 2024 4130 recens
2034 4079 2275 4149 prelium
2290 4080 2629 4133 commissum
2640 4093 2770 4133 erat.
2781 4081 2863 4134 Μ.

1931 4176 1980 4210 ιι.
1997 4158 2119 4210 Plus
2134 4163 2300 4212 minus.
2322 4160 2395 4211 Ea
2421 4172 2499 4212 est
2523 4161 2681 4213 lectio
2698 4158 2863 4213 codd.

1846 4254 2007 4308 quain
2019 4237 2429 4311 interpretantur
2440 4243 2629 4293 circiter
2639 4261 2661 4304 ,·
2674 4252 2727 4293 et
2735 4257 2867 4313 poe·
