3111 5147
610 495 752 564 DE
817 495 1152 564 BELLo
1218 496 1712 567 GALLICo.
1769 501 1958 569 ΜΒ.
2015 502 2069 569 1.
2344 522 2394 593 9
2457 478 2464 491 '

241 621 494 694 civitas
518 678 541 715 ,
578 627 670 696 ob
725 650 873 697 eam
924 652 1066 697 rem
1117 629 1386 699 incitata
1409 684 1429 718 ‚
1467 632 1667 700 armis
1712 631 1823 724 jus
1882 655 2076 703 suum
2128 632 2393 724 exsequi

238 747 647 823 conaretur,
657 733 1272 830 multitudinemque
1294 736 1640 806 hominum
1663 762 1746 807 ex
1775 740 1946 833 agris
1973 738 2391 831 magistratus

241 854 586 932 cogerent
612 894 633 929 ‚
674 843 1032 936 Orgetorix
1081 856 1381 912 mortuus
1422 858 1564 912 est:
1594 868 1806 937 neque
1847 844 2032 913 abest
2070 845 2353 936 suspicio
2368 896 2388 930 ,

246 957 323 1010 ut
383 945 688 1015 Helvetii
755 947 1159 1043 arbitrantur
1180 1002 1200 1037 ,
1241 950 1399 1043 quin
1441 951 1580 1044 ipse
1632 950 1754 1018 sibi
1802 964 2084 1020 mortem
2133 950 2386 1019 consci-

249 1065 440 1119 vent.

352 1159 442 1225 V.
492 1159 661 1228 Post
709 1159 850 1253 ejus
897 1175 1177 1230 mortem
1224 1160 1429 1231 nihilo
1483 1164 1698 1231 minus
1746 1160 2027 1233 Helvetii
2066 1162 2167 1251 id,
2207 1161 2388 1256 quod

256 1266 746 1334 consumet-ant
767 1321 787 1356 ‚
823 1267 1040 1337 facere
1082 1269 1470 1355 conantur¹‚
1496 1282 1573 1336 ut
1611 1293 1649 1337 e
1690 1268 1931 1338 finibus
1967 1270 2101 1339 suis
2125 1282 2382 1337 exeant.

257 1369 393 1438 Ubi
428 1371 576 1465 jam
613 1397 683 1441 se
727 1373 811 1442 ad
853 1397 999 1443 eam
1036 1399 1177 1444 rem
1219 1388 1486 1469 paratos
1529 1398 1669 1443 esse
1711 1375 2007 1444 arbitrati
2046 1389 2231 1462 sunt,
2261 1399 2381 1468 op-

260 1476 411 1569 pida
452 1503 575 1547 sua
617 1481 841 1548 omnia
880 1505 1157 1549 numero
1188 1480 1275 1551 ad
1310 1479 1657 1550 duodecim
1672 1534 1691 1568 ‚
1718 1482 1900 1550 vicos
1943 1481 2029 1548 ad
2071 1480 2381 1574 quadrin-

259 1597 526 1674 gentos,
564 1583 817 1680 reliqua
858 1589 1117 1681 privata
1158 1586 1433 1656 aedificia
1485 1586 1849 1656 incendunt
1872 1587 1893 1613 ²
1911 1613 1932 1673 3
1972 1585 2379 1655 frumentum

261 1712 494 1776 omne,
518 1706 756 1784 praeter
795 1682 1024 1788 quod³
1061 1718 1284 1763 secum
1335 1696 1660 1787 portaturi
1701 1706 1919 1780 erant,
1944 1692 2377 1779 comburunt,

262 1807 380 1879 ut,
402 1795 666 1865 dommn
699 1789 1090 1870 reditionis⁴
1133 1825 1248 1895 spe
1296 1799 1586 1886 sublata,
1616 1801 1975 1931 paratiores
2023 1797 2107 1866 ad
2154 1799 2379 1865 omnia

263 1898 561 1991 pericula
600 1903 932 1974 subeunda
976 1908 1236 1975 essent:
1264 1908 1465 1976 trium
1518 1908 1844 1975 mensium
1871 1892 2156 1973 ⁵molita
2198 1903 2373 1972 ciba·

260 2005 365 2071 ria
393 1992 576 2075 ⁶sibi
610 2034 931 2105 quemque
973 2013 1173 2081 domo
1198 2011 1435 2080 efferre
1468 2011 1724 2104 jubent.
1761 2010 2164 2079 Persuadent
2204 2011 2376 2078 Rau-

264 2111 435 2179 racis
479 2127 542 2181 et
576 2114 870 2210 Tulingis
911 2132 980 2185 et
1027 2117 1396 2210 Latobrigis
1422 2120 1447 2159 ⁷
1485 2116 1811 2204 finitimis»,
1837 2119 1968 2205 uti,
1997 2116 2227 2186 eodem
2271 2117 2374 2184 usi

261 2215 559 2305 consilio,
587 2221 847 2314 oppidis
888 2225 1021 2292 suis
1061 2225 1350 2317 vicisque
1393 2225 1672 2310 exustiS‚
1697 2246 1831 2290 una
1868 2246 2021 2290 cum
2057 2224 2134 2290 iis
2168 2222 2370 2316 profi-

258 2323 582 2393 ciscantur
610 2352 625 2393 :
652 2329 1012 2422 Boiosque‚
1038 2331 1149 2423 qui
1184 2343 1366 2398 trans
1402 2328 1711 2397 Rhenum
1746 2326 2190 2416 incoluerant,
2211 2343 2278 2397 et
2302 2330 2371 2395 in

261 2532 1269 2610 Orgemn'gepnhumducqmoaembiille
1353 2539 1913 2613 Amphitr.act.1‚sc.
1942 2538 2200 2605 3,v.21.
2235 2537 2376 2612 Quid

254 2616 492 2681 qffeetatoe
513 2618 783 2689 mmmdcc
812 2632 1048 2692 suspectus
1078 2624 1129 2672 in
1157 2639 1266 2672 aar·
1355 2620 1445 2672 tibi
1469 2623 1652 2672 curataeb
1683 2631 1755 2672 est
1782 2620 1905 2671 hanc
1937 2627 2077 2671 rem?
2105 2619 2206 2671 On.

250 2712 345 2745 oen
367 2695 494 2748 dc‘etn
524 2697 659 2750 obiit
1436 2700 1486 2753 5.
1530 2701 1696 2752 Trium
1719 2704 1957 2751 mensim.
1981 2697 2367 2769 Oudendorpio

324 2775 452 2829 Cu.
472 2777 546 2829 V.
578 2795 627 2829 1.
650 2778 835 2831 Favere
856 2791 1100 2832 conantur.
1125 2778 1267 2833 Hinc

253 2855 496 2921 ambitio,
518 2855 646 2910 inde
661 2858 937 2913 necessitas
956 2854 1120 2951 (supr.
1148 2878 1263 2931 cap.

256 2930 305 2996 s)
328 2933 394 2987 ad
413 2936 619 2990 bellum
634 2937 902 2993 Helvetios
923 2939 1087 3010 magis
1105 2957 1265 3010 quam

253 3011 573 3088 Orgetorigis
609 3018 887 3072 auctoritas
914 3020 1263 3090 pepulerant,

249 3109 363 3146 nam
380 3114 445 3148 eo
464 3109 708 3163 morum,
720 3097 1062 3151 nihilominus
1075 3099 1268 3151 eonsti-

253 3180 355 3225 tuta
371 3177 542 3241 facere
571 3190 818 3230 conantur.

329 3272 377 3305 2.
410 3256 667 3326 Oppida...
691 3257 960 3310 madunt.
984 3257 1052 3309 Et
1073 3256 1185 3311 hoc
1208 3270 1263 3310 et

254 3330 343 3384 alia
371 3331 436 3386 de
474 3335 730 3389 Helvetiis
765 3336 1063 3390 summatim
1098 3338 1259 3390 attin-

254 3409 321 3480 git
342 3412 641 3469 Plutarch.
627 3435 682 3469 m
705 3416 934 3482 Caesare,
948 3436 992 3470 c.
1018 3419 1103 3470 18.
1126 3417 1258 3482 Quae

255 3493 555 3562 amplificata
594 3507 649 3548 et
683 3496 821 3549 ultra
858 3496 1022 3550 fldem
1054 3496 1260 3568 prolata

252 3569 491 3626 videntur
520 3594 548 3627 a
574 3575 794 3629 Caesare.

327 3650 377 3703 3.
420 3653 609 3706 Proeter
656 3656 799 3726 quod.
841 3656 1117 3728 Eleganter
1156 3675 1256 3728 pro

249 3742 414 3798 pmrter
439 3733 498 3784 id
522 3734 667 3806 quod.
707 3735 795 3788 sic
820 3737 883 3789 A.
923 3736 1059 3790 Gen.
1099 3737 1252 3788 Noct.

252 3812 347 3870 Att.
374 3812 466 3866 liv.
494 3814 540 3865 Ῑ.
586 3817 695 3868 16:
731 3828 913 3886 proeter
947 3817 1077 3889 quod
1113 3834 1256 3887 supra

246 3897 389 3957 posui.
437 3892 611 3946 Codd.
657 3895 901 3948 nonnulli
940 3908 1256 3968 proetsrquam

254 3971 389 4038 quood,
420 3973 573 4026 male.
610 3974 758 4027 Mon.

322 4057 374 4113 4.
402 4053 1257 4126 Dammandiecbnis.1{ic‚utsnpe

253 4125 551 4192 fit,ve1-bale
564 4153 791 4199 nomen,
809 4135 961 4187 verbi
989 4152 1017 4186 a
1040 4152 1145 4204 quo
1161 4132 1254 4186 de

255 4203 469 4279 dna-inu,
482 4231 660 4268 casum
674 4215 823 4285 regit.
838 4216 914 4269 Ut
928 4210 1071 4286 apud
1086 4213 1255 4267 Plaut.

1349 2778 1521 2850 placet
1548 2778 1706 2832 lectio
1738 2778 1997 2832 vetustiss.
2030 2789 2083 2830 et
2117 2779 2363 2848 integerr.

1349 2857 1545 2913 codicis
1572 2857 1936 2930 Bongarsiani,
1959 2858 2051 2929 qui
2064 2858 2223 2910 habet
2234 2877 2363 2908 men-

1348 2958 1449 2991 sum
1466 2980 1481 3002 ,
1509 2936 1655 3009 quod
1670 2937 1994 3009 antiquitatis
2009 2938 2200 3008 gratia,
2220 2949 2280 2989 ut
2296 2938 2363 2989 ab

1347 3019 1459 3089 ipsa
1487 3017 1702 3071 Caesaris
1727 3036 1888 3069 manu
1909 3018 2234 3088 profectum,
2252 3034 2364 3067 am-

1345 3097 1710 3170 plectitur3ita
1724 3096 1886 3162 eiiim,
1909 3096 2005 3162 ait,
2032 3093 2366 3149 declinarunt
2431 3107 2440 3114 '

1346 3177 1621 3230 Censorin.
1640 3177 1832 3228 Paulus
1844 3178 1883 3247 j.
1901 3194 1947 3227 c.
1963 3176 2157 3228 Auson.
2179 3175 2360 3227 Senec.

1346 3255 1506 3310 ovid.
1552 3254 1782 3327 denique
1817 3256 1854 3308 l.
1896 3273 2033 3320 vin,
2063 3255 2275 3307 Metam.
2305 3272 2358 3305 v,

1350 3336 1452 3390 500
1466 3336 1591 3391 :Bis
1620 3355 1822 3388 mensum
1854 3339 2054 3407 quinque
2084 3335 2292 3397 labores,·
2308 3345 2362 3386 et

1343 3416 1486 3470 Lact.
1515 3435 1675 3470 carm.
1707 3413 1775 3468 de
1802 3415 2079 3478 Pha-nice,
2099 3433 2152 3466 v,
2189 3432 2279 3482 ²9·

1436 3531 1525 3578 Per
1544 3532 1725 3594 singula
1745 3540 1953 3593 tempora
1973 3543 2210 3582 mensum3

1341 3668 1395 3709 at
1407 3657 1644 3728 exempla
1654 3656 1709 3708 h.
1723 3655 1760 3708 l.
1778 3656 1929 3708 allata
1943 3654 2078 3707 nihil
2096 3649 2238 3706 aliud
2256 3651 2358 3705 nisi

1337 3736 1603 3790 licentiam
1620 3734 1884 3808 poetieam
1895 3735 2122 3806 probant
2136 3751 2153 3798 ;
2174 3750 2277 3803 qua
2290 3729 2358 3783 de

1340 3834 1492 3870 causa
1517 3816 1675 3869 lectio
1702 3815 1897 3886 vulgat.
1926 3809 2200 3866 retinenda
2221 3822 2315 3863 est.

1424 3899 1476 3948 6.
1520 3895 1698 3948 Molita
1730 3894 1925 3946 cibaria.
1957 3892 2172 3945 Farinas
2200 3901 2252 3942 et
2280 3889 2356 3942 le-

1341 3975 1554 4046 gumina
1586 3975 1747 4038 sicca,
1776 3973 1964 4034 molita,
2000 3984 2060 4024 ut
2087 3987 2357 4023 servaren-

1340 4068 1445 4108 tur.
1476 4054 1646 4107 Grac.
1682 4052 1903 4124 interpr.
1935 4052 2131 4122 ἄλφιτα.
2171 4044 2192 4111 (
2214 4047 2356 4120 apud

1341 4146 1549 4188 nostros
1576 4134 1619 4184 le
1650 4130 1860 4196 biscuit.)

1424 4233 1478 4284 7.
1517 4212 1810 4284 latobn'ffl's.
1829 4209 1970 4266 Vide
1983 4208 2355 4280 indic.Geog1-.
