<?xml version="1.0" encoding="UTF-8"?>
<!DOCTYPE html PUBLIC "-//W3C//DTD XHTML 1.0 Transitional//EN"
    "http://www.w3.org/TR/xhtml1/DTD/xhtml1-transitional.dtd">
<html xmlns="http://www.w3.org/1999/xhtml" xml:lang="en" lang="en">
 <head>
  <title>
</title>
<meta http-equiv="Content-Type" content="text/html;charset=utf-8" />
  <meta name='ocr-system' content='tesseract 3.04.00' />
  <meta name='ocr-capabilities' content='ocr_page ocr_carea ocr_par ocr_line ocrx_word'/>
</head>
<body>
  <div class='ocr_page' id='page_1' title='image "./caesaradbodices00caesgoog_0114.png"; bbox 0 0 3111 5147; ppageno 0'>
   <div class='ocr_carea' id='block_1_1' title="bbox 736 526 2574 603">
    <p class='ocr_par' dir='ltr' id='par_1_1' title="bbox 736 526 2574 603">
     <span class='ocr_line' id='line_1_1' title="bbox 736 526 2574 603; baseline -0.005 -1"><span class='ocrx_word' id='word_1_1' title='bbox 736 532 830 602; x_wconf 82' lang='lat'>82</span> <span class='ocrx_word' id='word_1_2' title='bbox 1049 534 1125 603; x_wconf 91' lang='lat' dir='ltr'>C.</span> <span class='ocrx_word' id='word_1_3' title='bbox 1180 532 1461 601; x_wconf 85' lang='lat' dir='ltr'><strong>JULII</strong></span> <span class='ocrx_word' id='word_1_4' title='bbox 1516 530 1975 600; x_wconf 72' lang='lat' dir='ltr'><strong>CAESARIS</strong></span> <span class='ocrx_word' id='word_1_5' title='bbox 2029 526 2574 598; x_wconf 83' lang='lat' dir='ltr'>COMMENT.</span> 
     </span>
    </p>
   </div>
   <div class='ocr_carea' id='block_1_2' title="bbox 688 655 2898 2559">
    <p class='ocr_par' dir='ltr' id='par_1_2' title="bbox 688 655 2898 2559">
     <span class='ocr_line' id='line_1_2' title="bbox 733 655 2854 756; baseline -0.004 -24"><span class='ocrx_word' id='word_1_6' title='bbox 733 686 873 732; x_wconf 85' lang='lat' dir='ltr'>sese</span> <span class='ocrx_word' id='word_1_7' title='bbox 915 686 1028 732; x_wconf 86' lang='lat' dir='ltr'>eos</span> <span class='ocrx_word' id='word_1_8' title='bbox 1072 663 1139 730; x_wconf 91' lang='lat' dir='ltr'>in</span> <span class='ocrx_word' id='word_1_9' title='bbox 1191 662 1391 733; x_wconf 86' lang='lat' dir='ltr'>fidem</span> <span class='ocrx_word' id='word_1_10' title='bbox 1441 676 1865 756; x_wconf 88' lang='lat' dir='ltr'>recepturum</span> <span class='ocrx_word' id='word_1_11' title='bbox 1924 674 1992 728; x_wconf 88' lang='lat' dir='ltr'>et</span> <span class='ocrx_word' id='word_1_12' title='bbox 2050 671 2599 729; x_wconf 86' lang='lat' dir='ltr'>conservaturum</span> <span class='ocrx_word' id='word_1_13' title='bbox 2655 655 2854 727; x_wconf 79' lang='lat' dir='ltr'>dixit:</span> 
     </span>
     <span class='ocr_line' id='line_1_3' title="bbox 688 763 2858 863; baseline -0.004 -23"><span class='ocrx_word' id='word_1_14' title='bbox 688 778 695 784; x_wconf 75' lang='grc'><strong><em>’</em></strong></span> <span class='ocrx_word' id='word_1_15' title='bbox 733 770 848 840; x_wconf 84' lang='lat' dir='ltr'>sed</span> <span class='ocrx_word' id='word_1_16' title='bbox 869 822 888 856; x_wconf 88' lang='lat'>,</span> <span class='ocrx_word' id='word_1_17' title='bbox 928 768 1106 863; x_wconf 86' lang='lat' dir='ltr'>quod</span> <span class='ocrx_word' id='word_1_18' title='bbox 1149 784 1293 838; x_wconf 89' lang='lat' dir='ltr'>erat</span> <span class='ocrx_word' id='word_1_19' title='bbox 1334 770 1563 839; x_wconf 82' lang='lat' dir='ltr'>civitas</span> <span class='ocrx_word' id='word_1_20' title='bbox 1615 791 1857 861; x_wconf 81' lang='lat' dir='ltr'>magna</span> <span class='ocrx_word' id='word_1_21' title='bbox 1915 767 2086 835; x_wconf 86' lang='lat' dir='ltr'>inter</span> <span class='ocrx_word' id='word_1_22' title='bbox 2144 763 2377 859; x_wconf 83' lang='lat' dir='ltr'><strong>Belgas</strong></span> <span class='ocrx_word' id='word_1_23' title='bbox 2434 765 2820 833; x_wconf 78' lang='lat' dir='ltr'>auctoritate</span> <span class='ocrx_word' id='word_1_24' title='bbox 2839 815 2858 848; x_wconf 90' lang='lat'>,</span> 
     </span>
     <span class='ocr_line' id='line_1_4' title="bbox 733 869 2856 969; baseline -0.002 -26"><span class='ocrx_word' id='word_1_25' title='bbox 733 891 929 969; x_wconf 89' lang='lat' dir='ltr'>atque</span> <span class='ocrx_word' id='word_1_26' title='bbox 983 876 1327 947; x_wconf 87' lang='lat' dir='ltr'>hominum</span> <span class='ocrx_word' id='word_1_27' title='bbox 1388 873 1804 945; x_wconf 85' lang='lat' dir='ltr'>multitudine</span> <span class='ocrx_word' id='word_1_28' title='bbox 1848 872 2202 967; x_wconf 70' lang='lat' dir='ltr'>praestabat</span> <span class='ocrx_word' id='word_1_29' title='bbox 2220 925 2240 957; x_wconf 91' lang='lat'>,</span> <span class='ocrx_word' id='word_1_30' title='bbox 2267 872 2403 941; x_wconf 90' lang='lat' dir='ltr'>DC</span> <span class='ocrx_word' id='word_1_31' title='bbox 2440 869 2704 941; x_wconf 86' lang='lat' dir='ltr'>obsides</span> <span class='ocrx_word' id='word_1_32' title='bbox 2744 894 2856 963; x_wconf 87' lang='lat' dir='ltr'>po·</span> 
     </span>
     <span class='ocr_line' id='line_1_5' title="bbox 731 974 2859 1076; baseline -0.003 -26"><span class='ocrx_word' id='word_1_33' title='bbox 731 983 963 1076; x_wconf 75' lang='lat' dir='ltr'>poscit.</span> <span class='ocrx_word' id='word_1_34' title='bbox 997 984 1116 1051; x_wconf 85' lang='lat' dir='ltr'>His</span> <span class='ocrx_word' id='word_1_35' title='bbox 1154 981 1406 1051; x_wconf 89' lang='lat' dir='ltr'>traditis</span> <span class='ocrx_word' id='word_1_36' title='bbox 1425 1035 1445 1070; x_wconf 91' lang='lat'>,</span> <span class='ocrx_word' id='word_1_37' title='bbox 1470 980 1907 1073; x_wconf 84' lang='lat' dir='ltr'>omnibusque</span> <span class='ocrx_word' id='word_1_38' title='bbox 1949 981 2148 1051; x_wconf 83' lang='lat' dir='ltr'>armis</span> <span class='ocrx_word' id='word_1_39' title='bbox 2184 1003 2265 1050; x_wconf 84' lang='lat' dir='ltr'>ex</span> <span class='ocrx_word' id='word_1_40' title='bbox 2299 977 2546 1073; x_wconf 88' lang='lat' dir='ltr'>oppido</span> <span class='ocrx_word' id='word_1_41' title='bbox 2583 974 2859 1061; x_wconf 85' lang='lat' dir='ltr'>collatis,</span> 
     </span>
     <span class='ocr_line' id='line_1_6' title="bbox 732 1085 2859 1179; baseline -0.003 -23"><span class='ocrx_word' id='word_1_42' title='bbox 732 1088 817 1156; x_wconf 83' lang='lat' dir='ltr'>ab</span> <span class='ocrx_word' id='word_1_43' title='bbox 854 1114 934 1155; x_wconf 89' lang='lat' dir='ltr'>eo</span> <span class='ocrx_word' id='word_1_44' title='bbox 979 1086 1127 1156; x_wconf 91' lang='lat' dir='ltr'>loco</span> <span class='ocrx_word' id='word_1_45' title='bbox 1170 1089 1238 1156; x_wconf 91' lang='lat' dir='ltr'>in</span> <span class='ocrx_word' id='word_1_46' title='bbox 1284 1087 1448 1159; x_wconf 83' lang='lat' dir='ltr'>fines</span> <span class='ocrx_word' id='word_1_47' title='bbox 1490 1087 1968 1159; x_wconf 80' lang='lat' dir='ltr'><strong>Ambianorum</strong></span> <span class='ocrx_word' id='word_1_48' title='bbox 2006 1086 2346 1179; x_wconf 89' lang='lat' dir='ltr'>pervenit,</span> <span class='ocrx_word' id='word_1_49' title='bbox 2372 1085 2484 1178; x_wconf 79' lang='lat' dir='ltr'>qui</span> <span class='ocrx_word' id='word_1_50' title='bbox 2519 1107 2590 1153; x_wconf 84' lang='lat' dir='ltr'>se</span> <span class='ocrx_word' id='word_1_51' title='bbox 2619 1104 2859 1175; x_wconf 87' lang='lat' dir='ltr'>suaque</span> 
     </span>
     <span class='ocr_line' id='line_1_7' title="bbox 733 1189 2858 1271; baseline -0.003 -8"><span class='ocrx_word' id='word_1_52' title='bbox 733 1196 955 1271; x_wconf 81' lang='lat' dir='ltr'>omnia</span> <span class='ocrx_word' id='word_1_53' title='bbox 1018 1196 1157 1263; x_wconf 87' lang='lat' dir='ltr'>sine</span> <span class='ocrx_word' id='word_1_54' title='bbox 1198 1218 1388 1263; x_wconf 87' lang='lat' dir='ltr'>mora</span> <span class='ocrx_word' id='word_1_55' title='bbox 1429 1193 1838 1265; x_wconf 84' lang='lat' dir='ltr'>dediderunt.</span> <span class='ocrx_word' id='word_1_56' title='bbox 1880 1195 2135 1263; x_wconf 85' lang='lat' dir='ltr'>Eorum</span> <span class='ocrx_word' id='word_1_57' title='bbox 2177 1190 2342 1260; x_wconf 90' lang='lat' dir='ltr'>fines</span> <span class='ocrx_word' id='word_1_58' title='bbox 2382 1189 2610 1261; x_wconf 82' lang='lat' dir='ltr'>Nervii</span> <span class='ocrx_word' id='word_1_59' title='bbox 2668 1190 2858 1257; x_wconf 86' lang='lat' dir='ltr'>attin-</span> 
     </span>
     <span class='ocr_line' id='line_1_8' title="bbox 732 1298 2861 1394; baseline -0.002 -27"><span class='ocrx_word' id='word_1_60' title='bbox 732 1299 1015 1392; x_wconf 81' lang='lat' dir='ltr'>gebant:</span> <span class='ocrx_word' id='word_1_61' title='bbox 1049 1324 1332 1394; x_wconf 84' lang='lat' dir='ltr'>quorum</span> <span class='ocrx_word' id='word_1_62' title='bbox 1375 1299 1457 1369; x_wconf 88' lang='lat' dir='ltr'>de</span> <span class='ocrx_word' id='word_1_63' title='bbox 1487 1314 1726 1369; x_wconf 82' lang='lat' dir='ltr'>natura</span> <span class='ocrx_word' id='word_1_64' title='bbox 1752 1298 2176 1392; x_wconf 85' lang='lat' dir='ltr'>moribusque</span> <span class='ocrx_word' id='word_1_65' title='bbox 2204 1299 2429 1367; x_wconf 83' lang='lat' dir='ltr'>Caesar</span> <span class='ocrx_word' id='word_1_66' title='bbox 2460 1319 2668 1389; x_wconf 80' lang='lat' dir='ltr'>quum</span> <span class='ocrx_word' id='word_1_67' title='bbox 2696 1316 2861 1388; x_wconf 76' lang='lat' dir='ltr'>quae-</span> 
     </span>
     <span class='ocr_line' id='line_1_9' title="bbox 732 1402 2862 1500; baseline -0.004 -23"><span class='ocrx_word' id='word_1_68' title='bbox 732 1420 944 1489; x_wconf 85' lang='lat' dir='ltr'>reret,</span> <span class='ocrx_word' id='word_1_69' title='bbox 976 1407 1071 1474; x_wconf 87' lang='lat' dir='ltr'>sic</span> <span class='ocrx_word' id='word_1_70' title='bbox 1110 1406 1476 1500; x_wconf 77' lang='lat' dir='ltr'>reperiebat</span> <span class='ocrx_word' id='word_1_71' title='bbox 1505 1431 1520 1474; x_wconf 75' lang='grc' dir='ltr'><strong><em>ε</em></strong></span> <span class='ocrx_word' id='word_1_72' title='bbox 1570 1435 1605 1475; x_wconf 81' lang='lat'><strong>«</strong></span> <span class='ocrx_word' id='word_1_73' title='bbox 1637 1404 1912 1476; x_wconf 86' lang='lat' dir='ltr'>Nullum</span> <span class='ocrx_word' id='word_1_74' title='bbox 1955 1404 2205 1475; x_wconf 82' lang='lat' dir='ltr'>aditum</span> <span class='ocrx_word' id='word_1_75' title='bbox 2249 1428 2392 1473; x_wconf 82' lang='lat' dir='ltr'>esse</span> <span class='ocrx_word' id='word_1_76' title='bbox 2434 1402 2519 1471; x_wconf 81' lang='lat' dir='ltr'>ad</span> <span class='ocrx_word' id='word_1_77' title='bbox 2552 1425 2667 1473; x_wconf 86' lang='lat' dir='ltr'>eos</span> <span class='ocrx_word' id='word_1_78' title='bbox 2702 1425 2862 1471; x_wconf 85' lang='lat' dir='ltr'>mer·</span> 
     </span>
     <span class='ocr_line' id='line_1_10' title="bbox 733 1505 2861 1606; baseline -0.002 -27"><span class='ocrx_word' id='word_1_79' title='bbox 733 1510 1105 1581; x_wconf 89' lang='lat' dir='ltr'>catoribus:</span> <span class='ocrx_word' id='word_1_80' title='bbox 1143 1511 1307 1583; x_wconf 87' lang='lat' dir='ltr'>nihil</span> <span class='ocrx_word' id='word_1_81' title='bbox 1351 1513 1489 1606; x_wconf 88' lang='lat' dir='ltr'>pati</span> <span class='ocrx_word' id='word_1_82' title='bbox 1520 1509 1696 1583; x_wconf 61' lang='lat' dir='ltr'>vin?</span> <span class='ocrx_word' id='word_1_83' title='bbox 1724 1510 2254 1605; x_wconf 81' lang='lat' dir='ltr'>reliquarumque,</span> <span class='ocrx_word' id='word_1_84' title='bbox 2300 1533 2520 1579; x_wconf 85' lang='lat' dir='ltr'>rerum</span> <span class='ocrx_word' id='word_1_85' title='bbox 2563 1506 2650 1577; x_wconf 85' lang='lat' dir='ltr'>ad</span> <span class='ocrx_word' id='word_1_86' title='bbox 2685 1505 2861 1577; x_wconf 86' lang='lat' dir='ltr'>luxu-</span> 
     </span>
     <span class='ocr_line' id='line_1_11' title="bbox 732 1604 2861 1711; baseline -0 -26"><span class='ocrx_word' id='word_1_87' title='bbox 732 1619 899 1687; x_wconf 86' lang='lat' dir='ltr'><strong>riam</strong></span> <span class='ocrx_word' id='word_1_88' title='bbox 942 1619 1411 1711; x_wconf 86' lang='lat' dir='ltr'>pertinentium</span> <span class='ocrx_word' id='word_1_89' title='bbox 1430 1604 1453 1642; x_wconf 80' lang='lat'>³</span> <span class='ocrx_word' id='word_1_90' title='bbox 1482 1617 1743 1705; x_wconf 82' lang='lat' dir='ltr'>inferri,</span> <span class='ocrx_word' id='word_1_91' title='bbox 1778 1617 1958 1711; x_wconf 89' lang='lat' dir='ltr'>quod</span> <span class='ocrx_word' id='word_1_92' title='bbox 1998 1617 2100 1686; x_wconf 88' lang='lat' dir='ltr'>his</span> <span class='ocrx_word' id='word_1_93' title='bbox 2135 1616 2334 1687; x_wconf 89' lang='lat' dir='ltr'>rebus</span> <span class='ocrx_word' id='word_1_94' title='bbox 2370 1613 2861 1707; x_wconf 76' lang='lat' dir='ltr'>relanguescere</span> 
     </span>
     <span class='ocr_line' id='line_1_12' title="bbox 734 1712 2898 1792; baseline -0.001 0"><span class='ocrx_word' id='word_1_95' title='bbox 734 1712 1027 1792; x_wconf 76' lang='lat' dir='ltr'>animos⁴</span> <span class='ocrx_word' id='word_1_96' title='bbox 1065 1739 1133 1792; x_wconf 88' lang='lat' dir='ltr'>et</span> <span class='ocrx_word' id='word_1_97' title='bbox 1185 1725 1429 1792; x_wconf 84' lang='lat' dir='ltr'>remitti</span> <span class='ocrx_word' id='word_1_98' title='bbox 1470 1725 1784 1792; x_wconf 80' lang='lat' dir='ltr'>virtutem</span> <span class='ocrx_word' id='word_1_99' title='bbox 1827 1724 2274 1791; x_wconf 81' lang='lat' dir='ltr'>existimarent</span> <span class='ocrx_word' id='word_1_100' title='bbox 2310 1746 2325 1789; x_wconf 77' lang='lat' dir='ltr'>t</span> <span class='ocrx_word' id='word_1_101' title='bbox 2368 1746 2510 1791; x_wconf 89' lang='lat' dir='ltr'>esse</span> <span class='ocrx_word' id='word_1_102' title='bbox 2567 1720 2860 1789; x_wconf 81' lang='lat' dir='ltr'>homines</span> <span class='ocrx_word' id='word_1_103' title='bbox 2893 1734 2898 1737; x_wconf 65' lang='lat'><strong><em>‘</em></strong></span> 
     </span>
     <span class='ocr_line' id='line_1_13' title="bbox 735 1824 2860 1923; baseline -0.003 -25"><span class='ocrx_word' id='word_1_104' title='bbox 735 1829 936 1917; x_wconf 75' lang='lat' dir='ltr'>feroS,</span> <span class='ocrx_word' id='word_1_105' title='bbox 977 1854 1362 1923; x_wconf 77' lang='lat' dir='ltr'>magnaeque</span> <span class='ocrx_word' id='word_1_106' title='bbox 1388 1829 1647 1899; x_wconf 86' lang='lat' dir='ltr'>virtutis</span> <span class='ocrx_word' id='word_1_107' title='bbox 1680 1854 1694 1896; x_wconf 78' lang='lat' dir='ltr'>t</span> <span class='ocrx_word' id='word_1_108' title='bbox 1733 1830 2125 1921; x_wconf 82' lang='lat' dir='ltr'>increpitare</span> <span class='ocrx_word' id='word_1_109' title='bbox 2157 1841 2353 1921; x_wconf 87' lang='lat' dir='ltr'>atque</span> <span class='ocrx_word' id='word_1_110' title='bbox 2387 1829 2689 1898; x_wconf 89' lang='lat' dir='ltr'>incusare</span> <span class='ocrx_word' id='word_1_111' title='bbox 2718 1824 2860 1894; x_wconf 83' lang='lat' dir='ltr'>reli·</span> 
     </span>
     <span class='ocr_line' id='line_1_14' title="bbox 734 1933 2860 2029; baseline -0.001 -24"><span class='ocrx_word' id='word_1_112' title='bbox 734 1959 899 2028; x_wconf 90' lang='lat' dir='ltr'>quos</span> <span class='ocrx_word' id='word_1_113' title='bbox 933 1934 1164 2029; x_wconf 85' lang='lat' dir='ltr'>Belgas</span> <span class='ocrx_word' id='word_1_114' title='bbox 1183 1988 1203 2021; x_wconf 92' lang='lat'>,</span> <span class='ocrx_word' id='word_1_115' title='bbox 1226 1937 1338 2027; x_wconf 91' lang='lat' dir='ltr'>qui</span> <span class='ocrx_word' id='word_1_116' title='bbox 1382 1959 1451 2003; x_wconf 90' lang='lat' dir='ltr'>se</span> <span class='ocrx_word' id='word_1_117' title='bbox 1484 1933 1736 2028; x_wconf 88' lang='lat' dir='ltr'>populo</span> <span class='ocrx_word' id='word_1_118' title='bbox 1775 1958 2052 2003; x_wconf 90' lang='lat' dir='ltr'>romano</span> <span class='ocrx_word' id='word_1_119' title='bbox 2088 1933 2521 2021; x_wconf 85' lang='lat' dir='ltr'>dedidissent,</span> <span class='ocrx_word' id='word_1_120' title='bbox 2554 1933 2860 2028; x_wconf 76' lang='lat' dir='ltr'>patriam·</span> 
     </span>
     <span class='ocr_line' id='line_1_15' title="bbox 734 2025 2860 2134; baseline -0.002 -23"><span class='ocrx_word' id='word_1_121' title='bbox 734 2065 863 2133; x_wconf 84' lang='lat' dir='ltr'>que</span> <span class='ocrx_word' id='word_1_122' title='bbox 888 2041 1199 2109; x_wconf 83' lang='lat' dir='ltr'>virtutem</span> <span class='ocrx_word' id='word_1_123' title='bbox 1235 2041 1703 2133; x_wconf 85' lang='lat' dir='ltr'>projecissent:</span> <span class='ocrx_word' id='word_1_124' title='bbox 1733 2041 2127 2111; x_wconf 86' lang='lat' dir='ltr'>confirmare</span> <span class='ocrx_word' id='word_1_125' title='bbox 2145 2025 2168 2064; x_wconf 81' lang='lat'><strong>⁵</strong></span> <span class='ocrx_word' id='word_1_126' title='bbox 2202 2065 2342 2111; x_wconf 85' lang='lat' dir='ltr'>sese</span> <span class='ocrx_word' id='word_1_127' title='bbox 2367 2064 2580 2134; x_wconf 88' lang='lat' dir='ltr'>neque</span> <span class='ocrx_word' id='word_1_128' title='bbox 2616 2038 2860 2133; x_wconf 83' lang='lat' dir='ltr'>legatos</span> 
     </span>
     <span class='ocr_line' id='line_1_16' title="bbox 736 2144 2806 2242; baseline -0.001 -27"><span class='ocrx_word' id='word_1_129' title='bbox 736 2147 1048 2215; x_wconf 88' lang='lat' dir='ltr'>missuros</span> <span class='ocrx_word' id='word_1_130' title='bbox 1066 2200 1086 2233; x_wconf 92' lang='lat'>,</span> <span class='ocrx_word' id='word_1_131' title='bbox 1120 2171 1334 2241; x_wconf 89' lang='lat' dir='ltr'>neque</span> <span class='ocrx_word' id='word_1_132' title='bbox 1377 2144 1581 2217; x_wconf 83' lang='lat' dir='ltr'>ullam</span> <span class='ocrx_word' id='word_1_133' title='bbox 1626 2147 2070 2221; x_wconf 84' lang='lat' dir='ltr'>conditionem</span> <span class='ocrx_word' id='word_1_134' title='bbox 2113 2149 2292 2242; x_wconf 87' lang='lat' dir='ltr'>pacis</span> <span class='ocrx_word' id='word_1_135' title='bbox 2335 2161 2745 2241; x_wconf 82' lang='lat' dir='ltr'>accepturos.</span> <span class='ocrx_word' id='word_1_136' title='bbox 2769 2174 2806 2211; x_wconf 67' lang='lat' dir='ltr'>n</span> 
     </span>
     <span class='ocr_line' id='line_1_17' title="bbox 841 2252 2861 2346; baseline -0 -26"><span class='ocrx_word' id='word_1_137' title='bbox 841 2254 1024 2322; x_wconf 91' lang='lat' dir='ltr'><strong>XVI.</strong></span> <span class='ocrx_word' id='word_1_138' title='bbox 1072 2253 1300 2341; x_wconf 87' lang='lat' dir='ltr'>Quum</span> <span class='ocrx_word' id='word_1_139' title='bbox 1357 2278 1477 2346; x_wconf 91' lang='lat' dir='ltr'>per</span> <span class='ocrx_word' id='word_1_140' title='bbox 1524 2278 1757 2323; x_wconf 88' lang='lat' dir='ltr'>eorum</span> <span class='ocrx_word' id='word_1_141' title='bbox 1815 2253 1979 2324; x_wconf 88' lang='lat' dir='ltr'>fines</span> <span class='ocrx_word' id='word_1_142' title='bbox 2039 2253 2331 2323; x_wconf 88' lang='lat' dir='ltr'>triduum</span> <span class='ocrx_word' id='word_1_143' title='bbox 2385 2253 2511 2323; x_wconf 86' lang='lat' dir='ltr'>iter</span> <span class='ocrx_word' id='word_1_144' title='bbox 2564 2252 2823 2323; x_wconf 79' lang='lat' dir='ltr'>fecisset</span> <span class='ocrx_word' id='word_1_145' title='bbox 2842 2303 2861 2337; x_wconf 82' lang='lat'>,</span> 
     </span>
     <span class='ocr_line' id='line_1_18' title="bbox 736 2358 2858 2453; baseline -0 -27"><span class='ocrx_word' id='word_1_146' title='bbox 736 2359 1110 2427; x_wconf 83' lang='lat' dir='ltr'>inveniebat</span> <span class='ocrx_word' id='word_1_147' title='bbox 1139 2384 1221 2427; x_wconf 84' lang='lat' dir='ltr'>ex</span> <span class='ocrx_word' id='word_1_148' title='bbox 1263 2360 1538 2453; x_wconf 84' lang='lat' dir='ltr'>captivis</span> <span class='ocrx_word' id='word_1_149' title='bbox 1559 2412 1578 2447; x_wconf 87' lang='lat'>‚</span> <span class='ocrx_word' id='word_1_150' title='bbox 1603 2358 1860 2429; x_wconf 84' lang='lat' dir='ltr'>Sabim¹</span> <span class='ocrx_word' id='word_1_151' title='bbox 1887 2359 2136 2429; x_wconf 87' lang='lat' dir='ltr'>flumen</span> <span class='ocrx_word' id='word_1_152' title='bbox 2170 2360 2256 2428; x_wconf 87' lang='lat' dir='ltr'>ab</span> <span class='ocrx_word' id='word_1_153' title='bbox 2286 2359 2516 2429; x_wconf 70' lang='lat' dir='ltr'>eastris</span> <span class='ocrx_word' id='word_1_154' title='bbox 2552 2359 2684 2427; x_wconf 87' lang='lat' dir='ltr'>suis</span> <span class='ocrx_word' id='word_1_155' title='bbox 2728 2382 2858 2425; x_wconf 87' lang='lat' dir='ltr'>non</span> 
     </span>
     <span class='ocr_line' id='line_1_19' title="bbox 736 2462 2859 2559; baseline -0.001 -26"><span class='ocrx_word' id='word_1_156' title='bbox 736 2464 1014 2558; x_wconf 87' lang='lat' dir='ltr'>amplius</span> <span class='ocrx_word' id='word_1_157' title='bbox 1067 2462 1269 2533; x_wconf 89' lang='lat' dir='ltr'>millia</span> <span class='ocrx_word' id='word_1_158' title='bbox 1324 2489 1640 2559; x_wconf 83' lang='lat' dir='ltr'>passuum</span> <span class='ocrx_word' id='word_1_159' title='bbox 1681 2466 1909 2535; x_wconf 85' lang='lat' dir='ltr'>decem</span> <span class='ocrx_word' id='word_1_160' title='bbox 1954 2465 2182 2536; x_wconf 84' lang='lat' dir='ltr'>abesse</span> <span class='ocrx_word' id='word_1_161' title='bbox 2216 2491 2231 2535; x_wconf 73' lang='grc' dir='ltr'><strong>ε</strong></span> <span class='ocrx_word' id='word_1_162' title='bbox 2271 2480 2451 2536; x_wconf 87' lang='lat' dir='ltr'>trans</span> <span class='ocrx_word' id='word_1_163' title='bbox 2503 2465 2572 2535; x_wconf 87' lang='lat' dir='ltr'>id</span> <span class='ocrx_word' id='word_1_164' title='bbox 2615 2464 2859 2535; x_wconf 85' lang='lat' dir='ltr'>flumen</span> 
     </span>
    </p>
   </div>
   <div class='ocr_carea' id='block_1_3' title="bbox 616 2571 2858 2667">
    <p class='ocr_par' dir='ltr' id='par_1_3' title="bbox 616 2571 2858 2667">
     <span class='ocr_line' id='line_1_20' title="bbox 616 2571 2858 2667; baseline 0.001 -28"><span class='ocrx_word' id='word_1_165' title='bbox 616 2619 623 2624; x_wconf 87' lang='lat'>-</span> <span class='ocrx_word' id='word_1_166' title='bbox 735 2596 966 2639; x_wconf 85' lang='lat' dir='ltr'>omnes</span> <span class='ocrx_word' id='word_1_167' title='bbox 996 2571 1278 2640; x_wconf 83' lang='lat' dir='ltr'>Nervios</span> <span class='ocrx_word' id='word_1_168' title='bbox 1322 2571 1728 2661; x_wconf 83' lang='lat' dir='ltr'>consedisse,</span> <span class='ocrx_word' id='word_1_169' title='bbox 1765 2572 2251 2667; x_wconf 83' lang='lat' dir='ltr'>adventumque</span> <span class='ocrx_word' id='word_1_170' title='bbox 2285 2572 2374 2642; x_wconf 88' lang='lat' dir='ltr'>ibi</span> <span class='ocrx_word' id='word_1_171' title='bbox 2403 2573 2858 2643; x_wconf 85' lang='lat' dir='ltr'>Romanorum</span> 
     </span>
    </p>
   </div>
   <div class='ocr_carea' id='block_1_4' title="bbox 736 2678 2863 3199">
    <p class='ocr_par' dir='ltr' id='par_1_4' title="bbox 736 2678 2863 3199">
     <span class='ocr_line' id='line_1_21' title="bbox 736 2678 2862 2770; baseline 0 -24"><span class='ocrx_word' id='word_1_172' title='bbox 736 2691 1116 2770; x_wconf 88' lang='lat' dir='ltr'>exspectare</span> <span class='ocrx_word' id='word_1_173' title='bbox 1167 2701 1301 2745; x_wconf 92' lang='lat' dir='ltr'>una</span> <span class='ocrx_word' id='word_1_174' title='bbox 1343 2703 1495 2747; x_wconf 90' lang='lat' dir='ltr'>cum</span> <span class='ocrx_word' id='word_1_175' title='bbox 1538 2679 1962 2749; x_wconf 85' lang='lat' dir='ltr'>Atrebatibus</span> <span class='ocrx_word' id='word_1_176' title='bbox 2003 2694 2073 2748; x_wconf 91' lang='lat' dir='ltr'>et</span> <span class='ocrx_word' id='word_1_177' title='bbox 2111 2678 2598 2749; x_wconf 89' lang='lat' dir='ltr'>Veromanduis</span> <span class='ocrx_word' id='word_1_178' title='bbox 2616 2732 2637 2766; x_wconf 93' lang='lat'>,</span> <span class='ocrx_word' id='word_1_179' title='bbox 2668 2678 2862 2747; x_wconf 84' lang='lat' dir='ltr'>finiti·</span> 
     </span>
     <span class='ocr_line' id='line_1_22' title="bbox 737 2773 2862 2881; baseline 0 -29"><span class='ocrx_word' id='word_1_180' title='bbox 737 2784 861 2852; x_wconf 88' lang='lat' dir='ltr'>mis</span> <span class='ocrx_word' id='word_1_181' title='bbox 905 2784 1037 2851; x_wconf 88' lang='lat' dir='ltr'>suis</span> <span class='ocrx_word' id='word_1_182' title='bbox 1069 2808 1083 2851; x_wconf 74' lang='grc' dir='ltr'><em>τ</em></span> <span class='ocrx_word' id='word_1_183' title='bbox 1114 2773 1313 2870; x_wconf 91' lang='lat' dir='ltr'>(nam</span> <span class='ocrx_word' id='word_1_184' title='bbox 1373 2783 1475 2853; x_wconf 81' lang='lat' dir='ltr'>his</span> <span class='ocrx_word' id='word_1_185' title='bbox 1534 2788 1827 2879; x_wconf 89' lang='lat' dir='ltr'>utrisque</span> <span class='ocrx_word' id='word_1_186' title='bbox 1887 2801 2387 2881; x_wconf 85' lang='lat' dir='ltr'>persuaserant,</span> <span class='ocrx_word' id='word_1_187' title='bbox 2414 2787 2511 2854; x_wconf 91' lang='lat' dir='ltr'>uti</span> <span class='ocrx_word' id='word_1_188' title='bbox 2563 2784 2862 2854; x_wconf 87' lang='lat' dir='ltr'>eamdem</span> 
     </span>
     <span class='ocr_line' id='line_1_23' title="bbox 739 2885 2863 2986; baseline 0 -28"><span class='ocrx_word' id='word_1_189' title='bbox 739 2887 891 2958; x_wconf 89' lang='lat' dir='ltr'>belli</span> <span class='ocrx_word' id='word_1_190' title='bbox 925 2889 1258 2958; x_wconf 87' lang='lat' dir='ltr'>fortunam</span> <span class='ocrx_word' id='word_1_191' title='bbox 1281 2885 1772 2986; x_wconf 82' lang='lat' dir='ltr'>experirentur)</span> <span class='ocrx_word' id='word_1_192' title='bbox 1813 2895 2175 2986; x_wconf 77' lang='lat' dir='ltr'>exspectari</span> <span class='ocrx_word' id='word_1_193' title='bbox 2209 2896 2407 2966; x_wconf 87' lang='lat' dir='ltr'>etiam</span> <span class='ocrx_word' id='word_1_194' title='bbox 2435 2892 2519 2959; x_wconf 81' lang='lat' dir='ltr'>ab</span> <span class='ocrx_word' id='word_1_195' title='bbox 2548 2892 2650 2961; x_wconf 88' lang='lat' dir='ltr'>his</span> <span class='ocrx_word' id='word_1_196' title='bbox 2669 2892 2863 2960; x_wconf 85' lang='lat' dir='ltr'>Atua-</span> 
     </span>
     <span class='ocr_line' id='line_1_24' title="bbox 740 2997 2862 3093; baseline 0 -29"><span class='ocrx_word' id='word_1_197' title='bbox 740 3010 1047 3065; x_wconf 89' lang='lat' dir='ltr'>tucorum</span> <span class='ocrx_word' id='word_1_198' title='bbox 1092 2998 1314 3093; x_wconf 88' lang='lat' dir='ltr'>copias</span> <span class='ocrx_word' id='word_1_199' title='bbox 1335 3051 1355 3086; x_wconf 92' lang='lat'>,</span> <span class='ocrx_word' id='word_1_200' title='bbox 1390 3012 1587 3092; x_wconf 90' lang='lat' dir='ltr'>atque</span> <span class='ocrx_word' id='word_1_201' title='bbox 1628 3023 1768 3067; x_wconf 88' lang='lat' dir='ltr'>esse</span> <span class='ocrx_word' id='word_1_202' title='bbox 1807 3000 1876 3066; x_wconf 89' lang='lat' dir='ltr'>in</span> <span class='ocrx_word' id='word_1_203' title='bbox 1917 3000 2146 3067; x_wconf 90' lang='lat' dir='ltr'>itinere</span> <span class='ocrx_word' id='word_1_204' title='bbox 2183 3024 2199 3066; x_wconf 88' lang='lat'>:</span> <span class='ocrx_word' id='word_1_205' title='bbox 2244 2997 2547 3067; x_wconf 88' lang='lat' dir='ltr'>mulieres</span> <span class='ocrx_word' id='word_1_206' title='bbox 2568 3051 2590 3086; x_wconf 84' lang='lat'>,</span> <span class='ocrx_word' id='word_1_207' title='bbox 2621 2999 2862 3092; x_wconf 81' lang='lat' dir='ltr'>quique</span> 
     </span>
     <span class='ocr_line' id='line_1_25' title="bbox 740 3101 2862 3199; baseline 0 -28"><span class='ocrx_word' id='word_1_208' title='bbox 740 3127 860 3196; x_wconf 89' lang='lat' dir='ltr'>per</span> <span class='ocrx_word' id='word_1_209' title='bbox 884 3118 1145 3172; x_wconf 67' lang='lat' dir='ltr'>aetatem</span> <span class='ocrx_word' id='word_1_210' title='bbox 1179 3103 1265 3173; x_wconf 89' lang='lat' dir='ltr'>ad</span> <span class='ocrx_word' id='word_1_211' title='bbox 1305 3129 1598 3199; x_wconf 81' lang='lat' dir='ltr'>pugnam</span> <span class='ocrx_word' id='word_1_212' title='bbox 1632 3103 1889 3173; x_wconf 88' lang='lat' dir='ltr'>inutiles</span> <span class='ocrx_word' id='word_1_213' title='bbox 1918 3105 2332 3193; x_wconf 78' lang='lat' dir='ltr'>viderentur,</span> <span class='ocrx_word' id='word_1_214' title='bbox 2355 3106 2427 3173; x_wconf 89' lang='lat' dir='ltr'>in</span> <span class='ocrx_word' id='word_1_215' title='bbox 2452 3129 2606 3172; x_wconf 89' lang='lat' dir='ltr'>eum</span> <span class='ocrx_word' id='word_1_216' title='bbox 2641 3101 2862 3172; x_wconf 90' lang='lat' dir='ltr'>locum</span> 
     </span>
    </p>
   </div>
   <div class='ocr_carea' id='block_1_5' title="bbox 3100 1271 3104 2269">
    <p class='ocr_par' dir='ltr' id='par_1_5' title="bbox 3100 1271 3104 2269">
     <span class='ocr_line' id='line_1_26' title="bbox 3100 1271 3104 2269; baseline 0 0"><span class='ocrx_word' id='word_1_217' title='bbox 3100 1271 3104 2269; x_wconf 95' lang='lat' dir='ltr'> </span> 
     </span>
    </p>
   </div>
   <div class='ocr_carea' id='block_1_6' title="bbox 738 3299 1762 4310">
    <p class='ocr_par' dir='ltr' id='par_1_6' title="bbox 741 3299 1762 3768">
     <span class='ocr_line' id='line_1_27' title="bbox 825 3299 1762 3373; baseline 0.001 -20"><span class='ocrx_word' id='word_1_218' title='bbox 825 3320 874 3354; x_wconf 79' lang='lat'>2.</span> <span class='ocrx_word' id='word_1_219' title='bbox 908 3302 1052 3354; x_wconf 76' lang='lat' dir='ltr'>Nihil</span> <span class='ocrx_word' id='word_1_220' title='bbox 1064 3304 1175 3373; x_wconf 76' lang='lat' dir='ltr'>pati</span> <span class='ocrx_word' id='word_1_221' title='bbox 1197 3304 1319 3353; x_wconf 77' lang='lat' dir='ltr'>vini.</span> <span class='ocrx_word' id='word_1_222' title='bbox 1349 3301 1588 3371; x_wconf 84' lang='lat' dir='ltr'>Namque</span> <span class='ocrx_word' id='word_1_223' title='bbox 1618 3299 1762 3371; x_wconf 82' lang='lat' dir='ltr'>apud</span> 
     </span>
     <span class='ocr_line' id='line_1_28' title="bbox 741 3379 1759 3446; baseline 0.001 -15"><span class='ocrx_word' id='word_1_224' title='bbox 741 3381 869 3432; x_wconf 81' lang='lat' dir='ltr'>alios</span> <span class='ocrx_word' id='word_1_225' title='bbox 886 3380 1064 3431; x_wconf 82' lang='lat' dir='ltr'>Gallos</span> <span class='ocrx_word' id='word_1_226' title='bbox 1079 3418 1095 3446; x_wconf 87' lang='lat'><strong><em>‚</em></strong></span> <span class='ocrx_word' id='word_1_227' title='bbox 1121 3391 1251 3433; x_wconf 87' lang='lat' dir='ltr'>teste</span> <span class='ocrx_word' id='word_1_228' title='bbox 1272 3380 1525 3432; x_wconf 79' lang='lat' dir='ltr'>Athenaeo</span> <span class='ocrx_word' id='word_1_229' title='bbox 1540 3417 1558 3444; x_wconf 90' lang='lat'>‚</span> <span class='ocrx_word' id='word_1_230' title='bbox 1577 3399 1604 3432; x_wconf 83' lang='lat' dir='ltr'>a</span> <span class='ocrx_word' id='word_1_231' title='bbox 1623 3379 1759 3432; x_wconf 81' lang='lat' dir='ltr'>divi-</span> 
     </span>
     <span class='ocr_line' id='line_1_29' title="bbox 742 3458 1761 3524; baseline 0.001 -13"><span class='ocrx_word' id='word_1_232' title='bbox 742 3460 882 3511; x_wconf 84' lang='lat' dir='ltr'>tibus</span> <span class='ocrx_word' id='word_1_233' title='bbox 921 3459 1120 3511; x_wconf 84' lang='lat' dir='ltr'>bibitur</span> <span class='ocrx_word' id='word_1_234' title='bbox 1158 3460 1343 3511; x_wconf 82' lang='lat' dir='ltr'>vinum</span> <span class='ocrx_word' id='word_1_235' title='bbox 1371 3477 1433 3514; x_wconf 81' lang='lat' dir='ltr'>ex</span> <span class='ocrx_word' id='word_1_236' title='bbox 1464 3458 1645 3524; x_wconf 78' lang='lat' dir='ltr'>Italia,</span> <span class='ocrx_word' id='word_1_237' title='bbox 1676 3460 1761 3512; x_wconf 79' lang='lat' dir='ltr'>vel</span> 
     </span>
     <span class='ocr_line' id='line_1_30' title="bbox 741 3537 1761 3610; baseline 0.001 -20"><span class='ocrx_word' id='word_1_238' title='bbox 741 3537 1051 3591; x_wconf 80' lang='lat' dir='ltr'>Massiliensi</span> <span class='ocrx_word' id='word_1_239' title='bbox 1084 3539 1297 3610; x_wconf 79' lang='lat' dir='ltr'>regione</span> <span class='ocrx_word' id='word_1_240' title='bbox 1327 3537 1568 3602; x_wconf 80' lang='lat' dir='ltr'>allatum,</span> <span class='ocrx_word' id='word_1_241' title='bbox 1600 3537 1761 3609; x_wconf 85' lang='lat' dir='ltr'>idque</span> 
     </span>
     <span class='ocr_line' id='line_1_31' title="bbox 741 3615 1759 3689; baseline 0.002 -21"><span class='ocrx_word' id='word_1_242' title='bbox 741 3636 979 3683; x_wconf 87' lang='lat' dir='ltr'>merum,</span> <span class='ocrx_word' id='word_1_243' title='bbox 1006 3619 1091 3670; x_wconf 88' lang='lat' dir='ltr'>cui</span> <span class='ocrx_word' id='word_1_244' title='bbox 1136 3615 1455 3689; x_wconf 87' lang='lat' dir='ltr'>quandoque</span> <span class='ocrx_word' id='word_1_245' title='bbox 1481 3617 1759 3689; x_wconf 84' lang='lat' dir='ltr'>paululum</span> 
     </span>
     <span class='ocr_line' id='line_1_32' title="bbox 742 3697 1353 3768; baseline 0 -20"><span class='ocrx_word' id='word_1_246' title='bbox 742 3714 889 3768; x_wconf 56' lang='lat' dir='ltr'>aquai</span> <span class='ocrx_word' id='word_1_247' title='bbox 918 3698 1178 3750; x_wconf 86' lang='lat' dir='ltr'>miscetur.</span> <span class='ocrx_word' id='word_1_248' title='bbox 1212 3697 1353 3749; x_wconf 81' lang='lat' dir='ltr'>Gon.</span> 
     </span>
    </p>

    <p class='ocr_par' dir='ltr' id='par_1_7' title="bbox 738 3775 1760 4147">
     <span class='ocr_line' id='line_1_33' title="bbox 826 3775 1759 3847; baseline 0.002 -19"><span class='ocrx_word' id='word_1_249' title='bbox 826 3777 874 3829; x_wconf 89' lang='grc'>3.</span> <span class='ocrx_word' id='word_1_250' title='bbox 900 3777 992 3830; x_wconf 80' lang='lat' dir='ltr'>Ad</span> <span class='ocrx_word' id='word_1_251' title='bbox 1006 3778 1239 3829; x_wconf 60' lang='lat' dir='ltr'>luxuriam</span> <span class='ocrx_word' id='word_1_252' title='bbox 1262 3779 1612 3847; x_wconf 78' lang='lat' dir='ltr'>pertinentium.</span> <span class='ocrx_word' id='word_1_253' title='bbox 1635 3775 1759 3830; x_wconf 76' lang='lat' dir='ltr'>Haec</span> 
     </span>
     <span class='ocr_line' id='line_1_34' title="bbox 741 3854 1760 3909; baseline 0.003 -3"><span class='ocrx_word' id='word_1_254' title='bbox 741 3857 900 3908; x_wconf 82' lang='lat' dir='ltr'>verba</span> <span class='ocrx_word' id='word_1_255' title='bbox 923 3877 948 3908; x_wconf 85' lang='lat' dir='ltr'>a</span> <span class='ocrx_word' id='word_1_256' title='bbox 968 3858 1146 3909; x_wconf 86' lang='lat' dir='ltr'>multis</span> <span class='ocrx_word' id='word_1_257' title='bbox 1163 3857 1352 3909; x_wconf 87' lang='lat' dir='ltr'>absunt</span> <span class='ocrx_word' id='word_1_258' title='bbox 1371 3854 1525 3909; x_wconf 87' lang='lat' dir='ltr'>codd.</span> <span class='ocrx_word' id='word_1_259' title='bbox 1542 3856 1760 3909; x_wconf 80' lang='lat' dir='ltr'>Graecus</span> 
     </span>
     <span class='ocr_line' id='line_1_35' title="bbox 740 3936 1758 4008; baseline 0.003 -22"><span class='ocrx_word' id='word_1_260' title='bbox 740 3946 912 3987; x_wconf 80' lang='lat' dir='ltr'>tamen</span> <span class='ocrx_word' id='word_1_261' title='bbox 934 3936 1189 4008; x_wconf 81' lang='lat' dir='ltr'>interpres</span> <span class='ocrx_word' id='word_1_262' title='bbox 1207 3949 1259 3989; x_wconf 86' lang='lat' dir='ltr'>et</span> <span class='ocrx_word' id='word_1_263' title='bbox 1288 3936 1469 3990; x_wconf 82' lang='lat' dir='ltr'>Celsus</span> <span class='ocrx_word' id='word_1_264' title='bbox 1499 3955 1622 3989; x_wconf 86' lang='lat' dir='ltr'>cum</span> <span class='ocrx_word' id='word_1_265' title='bbox 1639 3936 1758 3989; x_wconf 83' lang='lat' dir='ltr'>vul-</span> 
     </span>
     <span class='ocr_line' id='line_1_36' title="bbox 738 4015 1758 4090; baseline 0.004 -25"><span class='ocrx_word' id='word_1_266' title='bbox 738 4027 852 4083; x_wconf 83' lang='lat' dir='ltr'>gata</span> <span class='ocrx_word' id='word_1_267' title='bbox 876 4017 1227 4069; x_wconf 83' lang='lat' dir='ltr'>consentiunt.</span> <span class='ocrx_word' id='word_1_268' title='bbox 1248 4018 1329 4069; x_wconf 87' lang='lat' dir='ltr'>lta</span> <span class='ocrx_word' id='word_1_269' title='bbox 1351 4035 1564 4090; x_wconf 85' lang='lat' dir='ltr'>quoque</span> <span class='ocrx_word' id='word_1_270' title='bbox 1589 4015 1758 4069; x_wconf 85' lang='lat' dir='ltr'>nostri</span> 
     </span>
     <span class='ocr_line' id='line_1_37' title="bbox 739 4091 962 4147; baseline 0.018 -4"><span class='ocrx_word' id='word_1_271' title='bbox 739 4091 962 4147; x_wconf 83' lang='lat' dir='ltr'>codices.</span> 
     </span>
    </p>

    <p class='ocr_par' dir='ltr' id='par_1_8' title="bbox 738 4176 1755 4310">
     <span class='ocr_line' id='line_1_38' title="bbox 838 4176 1755 4246; baseline 0.002 -22"><span class='ocrx_word' id='word_1_272' title='bbox 838 4180 888 4235; x_wconf 74' lang='grc'>4.</span> <span class='ocrx_word' id='word_1_273' title='bbox 936 4176 1084 4242; x_wconf 77' lang='lat' dir='ltr'>Quod</span> <span class='ocrx_word' id='word_1_274' title='bbox 1116 4178 1189 4227; x_wconf 74' lang='lat' dir='ltr'>leis</span> <span class='ocrx_word' id='word_1_275' title='bbox 1230 4176 1365 4229; x_wconf 76' lang='lat' dir='ltr'>rebus</span> <span class='ocrx_word' id='word_1_276' title='bbox 1403 4176 1755 4246; x_wconf 73' lang='lat' dir='ltr'>relanguescere</span> 
     </span>
     <span class='ocr_line' id='line_1_39' title="bbox 738 4253 1753 4310; baseline 0.007 -9"><span class='ocrx_word' id='word_1_277' title='bbox 738 4254 936 4305; x_wconf 74' lang='lat' dir='ltr'>animos.</span> <span class='ocrx_word' id='word_1_278' title='bbox 974 4253 1121 4306; x_wconf 84' lang='lat' dir='ltr'>Hanc</span> <span class='ocrx_word' id='word_1_279' title='bbox 1151 4258 1308 4308; x_wconf 85' lang='lat' dir='ltr'>etiam</span> <span class='ocrx_word' id='word_1_280' title='bbox 1336 4256 1408 4308; x_wconf 86' lang='lat' dir='ltr'>ob</span> <span class='ocrx_word' id='word_1_281' title='bbox 1438 4274 1644 4310; x_wconf 81' lang='lat' dir='ltr'>causam</span> <span class='ocrx_word' id='word_1_282' title='bbox 1673 4256 1753 4309; x_wconf 78' lang='lat' dir='ltr'>vi·</span> 
     </span>
    </p>
   </div>
   <div class='ocr_carea' id='block_1_7' title="bbox 1841 3300 2872 4310">
    <p class='ocr_par' dir='ltr' id='par_1_9' title="bbox 1844 3300 2870 3912">
     <span class='ocr_line' id='line_1_40' title="bbox 1844 3300 2862 3373; baseline 0.002 -20"><span class='ocrx_word' id='word_1_283' title='bbox 1844 3320 1975 3354; x_wconf 86' lang='lat' dir='ltr'>num</span> <span class='ocrx_word' id='word_1_284' title='bbox 2005 3300 2073 3356; x_wconf 90' lang='lat' dir='ltr'>ad</span> <span class='ocrx_word' id='word_1_285' title='bbox 2113 3321 2168 3355; x_wconf 83' lang='lat' dir='ltr'>se</span> <span class='ocrx_word' id='word_1_286' title='bbox 2197 3303 2415 3356; x_wconf 88' lang='lat' dir='ltr'>omnino</span> <span class='ocrx_word' id='word_1_287' title='bbox 2446 3302 2724 3373; x_wconf 76' lang='lat' dir='ltr'>importari</span> <span class='ocrx_word' id='word_1_288' title='bbox 2752 3320 2862 3355; x_wconf 87' lang='lat' dir='ltr'>non</span> 
     </span>
     <span class='ocr_line' id='line_1_41' title="bbox 1846 3380 2861 3446; baseline 0.001 -13"><span class='ocrx_word' id='word_1_289' title='bbox 1846 3381 2082 3437; x_wconf 81' lang='lat' dir='ltr'>siverunt</span> <span class='ocrx_word' id='word_1_290' title='bbox 2108 3381 2263 3434; x_wconf 76' lang='lat' dir='ltr'>Suevi</span> <span class='ocrx_word' id='word_1_291' title='bbox 2279 3418 2295 3445; x_wconf 89' lang='lat'>,</span> <span class='ocrx_word' id='word_1_292' title='bbox 2324 3394 2383 3433; x_wconf 91' lang='lat' dir='ltr'>ut</span> <span class='ocrx_word' id='word_1_293' title='bbox 2412 3380 2566 3434; x_wconf 86' lang='lat' dir='ltr'>docet</span> <span class='ocrx_word' id='word_1_294' title='bbox 2596 3394 2800 3446; x_wconf 85' lang='lat' dir='ltr'>noster,</span> <span class='ocrx_word' id='word_1_295' title='bbox 2824 3382 2861 3434; x_wconf 90' lang='lat'>1.</span> 
     </span>
     <span class='ocr_line' id='line_1_42' title="bbox 1846 3460 2866 3530; baseline 0.002 -18"><span class='ocrx_word' id='word_1_296' title='bbox 1846 3477 1933 3525; x_wconf 76' lang='lat' dir='ltr'>tv,</span> <span class='ocrx_word' id='word_1_297' title='bbox 1966 3478 2078 3530; x_wconf 85' lang='lat' dir='ltr'>cap.</span> <span class='ocrx_word' id='word_1_298' title='bbox 2117 3480 2165 3514; x_wconf 69' lang='lat' dir='ltr'>a.</span> <span class='ocrx_word' id='word_1_299' title='bbox 2192 3491 2274 3503; x_wconf 91' lang='lat'>--</span> <span class='ocrx_word' id='word_1_300' title='bbox 2298 3460 2516 3514; x_wconf 75' lang='lat' dir='ltr'>Animos.</span> <span class='ocrx_word' id='word_1_301' title='bbox 2560 3460 2687 3513; x_wconf 84' lang='lat' dir='ltr'>Post</span> <span class='ocrx_word' id='word_1_302' title='bbox 2727 3460 2866 3514; x_wconf 77' lang='lat' dir='ltr'>lianc</span> 
     </span>
     <span class='ocr_line' id='line_1_43' title="bbox 1844 3536 2866 3601; baseline 0.002 -10"><span class='ocrx_word' id='word_1_303' title='bbox 1844 3557 2028 3591; x_wconf 79' lang='lat' dir='ltr'>vocem</span> <span class='ocrx_word' id='word_1_304' title='bbox 2042 3543 2247 3601; x_wconf 78' lang='lat' dir='ltr'>animos,</span> <span class='ocrx_word' id='word_1_305' title='bbox 2265 3537 2387 3593; x_wconf 84' lang='lat' dir='ltr'>edd.</span> <span class='ocrx_word' id='word_1_306' title='bbox 2410 3553 2462 3593; x_wconf 87' lang='lat' dir='ltr'>et</span> <span class='ocrx_word' id='word_1_307' title='bbox 2483 3536 2638 3592; x_wconf 89' lang='lat' dir='ltr'>codd.</span> <span class='ocrx_word' id='word_1_308' title='bbox 2665 3539 2866 3594; x_wconf 82' lang='lat' dir='ltr'>habent</span> 
     </span>
     <span class='ocr_line' id='line_1_44' title="bbox 1844 3617 2867 3690; baseline 0.004 -22"><span class='ocrx_word' id='word_1_309' title='bbox 1844 3637 2028 3680; x_wconf 80' lang='lat' dir='ltr'>eorum,</span> <span class='ocrx_word' id='word_1_310' title='bbox 2046 3617 2191 3690; x_wconf 88' lang='lat' dir='ltr'>quod</span> <span class='ocrx_word' id='word_1_311' title='bbox 2214 3617 2408 3672; x_wconf 78' lang='lat' dir='ltr'>delevit</span> <span class='ocrx_word' id='word_1_312' title='bbox 2438 3617 2617 3672; x_wconf 87' lang='lat' dir='ltr'>Oberl.</span> <span class='ocrx_word' id='word_1_313' title='bbox 2647 3632 2708 3672; x_wconf 89' lang='lat' dir='ltr'>ut</span> <span class='ocrx_word' id='word_1_314' title='bbox 2737 3633 2867 3690; x_wconf 84' lang='lat' dir='ltr'>pote</span> 
     </span>
     <span class='ocr_line' id='line_1_45' title="bbox 1844 3696 2866 3771; baseline 0.001 -22"><span class='ocrx_word' id='word_1_315' title='bbox 1844 3696 1991 3769; x_wconf 88' lang='lat' dir='ltr'>quod</span> <span class='ocrx_word' id='word_1_316' title='bbox 2018 3698 2239 3769; x_wconf 81' lang='lat' dir='ltr'>glossam</span> <span class='ocrx_word' id='word_1_317' title='bbox 2260 3697 2535 3752; x_wconf 85' lang='lat' dir='ltr'>redoleret.</span> <span class='ocrx_word' id='word_1_318' title='bbox 2557 3697 2716 3771; x_wconf 79' lang='lat' dir='ltr'>Apud</span> <span class='ocrx_word' id='word_1_319' title='bbox 2742 3698 2866 3751; x_wconf 86' lang='lat' dir='ltr'>Cel-</span> 
     </span>
     <span class='ocr_line' id='line_1_46' title="bbox 1844 3777 2870 3852; baseline 0.004 -23"><span class='ocrx_word' id='word_1_320' title='bbox 1844 3796 1960 3829; x_wconf 87' lang='lat' dir='ltr'>sum</span> <span class='ocrx_word' id='word_1_321' title='bbox 1991 3790 2044 3831; x_wconf 88' lang='lat' dir='ltr'>et</span> <span class='ocrx_word' id='word_1_322' title='bbox 2087 3779 2307 3850; x_wconf 84' lang='lat' dir='ltr'>interpr.</span> <span class='ocrx_word' id='word_1_323' title='bbox 2352 3797 2503 3852; x_wconf 73' lang='lat' dir='ltr'>graec.</span> <span class='ocrx_word' id='word_1_324' title='bbox 2550 3777 2870 3850; x_wconf 77' lang='lat' dir='ltr'>generaliter</span> 
     </span>
     <span class='ocr_line' id='line_1_47' title="bbox 1844 3856 2780 3912; baseline -0.001 -3"><span class='ocrx_word' id='word_1_325' title='bbox 1844 3858 2064 3910; x_wconf 81' lang='lat' dir='ltr'>effatum</span> <span class='ocrx_word' id='word_1_326' title='bbox 2086 3871 2178 3911; x_wconf 87' lang='lat' dir='ltr'>est.</span> <span class='ocrx_word' id='word_1_327' title='bbox 2207 3859 2387 3912; x_wconf 80' lang='lat' dir='ltr'>Nostri</span> <span class='ocrx_word' id='word_1_328' title='bbox 2418 3856 2573 3910; x_wconf 89' lang='lat' dir='ltr'>codd.</span> <span class='ocrx_word' id='word_1_329' title='bbox 2602 3876 2780 3909; x_wconf 80' lang='lat' dir='ltr'>eorum.</span> 
     </span>
    </p>

    <p class='ocr_par' dir='ltr' id='par_1_10' title="bbox 1843 3936 2867 4082">
     <span class='ocr_line' id='line_1_48' title="bbox 1927 3936 2867 4009; baseline 0.001 -19"><span class='ocrx_word' id='word_1_330' title='bbox 1927 3938 1978 3990; x_wconf 83' lang='lat'>5.</span> <span class='ocrx_word' id='word_1_331' title='bbox 2015 3936 2322 4008; x_wconf 70' lang='lat' dir='ltr'>Confirmat-e,</span> <span class='ocrx_word' id='word_1_332' title='bbox 2354 3937 2664 4002; x_wconf 59' lang='lat' dir='ltr'>Affirmant,</span> <span class='ocrx_word' id='word_1_333' title='bbox 2683 3950 2746 3989; x_wconf 86' lang='lat' dir='ltr'>ut</span> <span class='ocrx_word' id='word_1_334' title='bbox 2775 3955 2867 4009; x_wconf 86' lang='lat' dir='ltr'>ap.</span> 
     </span>
     <span class='ocr_line' id='line_1_49' title="bbox 1843 4014 2674 4082; baseline 0.001 -14"><span class='ocrx_word' id='word_1_335' title='bbox 1843 4016 1953 4070; x_wconf 88' lang='lat' dir='ltr'>Cic.</span> <span class='ocrx_word' id='word_1_336' title='bbox 1987 4014 2054 4070; x_wconf 88' lang='lat' dir='ltr'>de</span> <span class='ocrx_word' id='word_1_337' title='bbox 2083 4018 2356 4082; x_wconf 84' lang='lat' dir='ltr'>Amicitia,</span> <span class='ocrx_word' id='word_1_338' title='bbox 2375 4036 2421 4070; x_wconf 92' lang='lat' dir='ltr'>c.</span> <span class='ocrx_word' id='word_1_339' title='bbox 2449 4036 2536 4070; x_wconf 82' lang='lat'>111.</span> <span class='ocrx_word' id='word_1_340' title='bbox 2571 4016 2674 4069; x_wconf 72' lang='lat' dir='ltr'>On.</span> 
     </span>
    </p>

    <p class='ocr_par' dir='ltr' id='par_1_11' title="bbox 1841 4094 2872 4310">
     <span class='ocr_line' id='line_1_50' title="bbox 1924 4094 2872 4152; baseline 0 -4"><span class='ocrx_word' id='word_1_341' title='bbox 1924 4097 2051 4150; x_wconf 69' lang='lat' dir='ltr'>CAP.</span> <span class='ocrx_word' id='word_1_342' title='bbox 2072 4098 2222 4152; x_wconf 84' lang='lat' dir='ltr'>XVI.</span> <span class='ocrx_word' id='word_1_343' title='bbox 2259 4116 2305 4150; x_wconf 90' lang='lat'>1.</span> <span class='ocrx_word' id='word_1_344' title='bbox 2334 4097 2513 4149; x_wconf 80' lang='lat' dir='ltr'>Sabim.</span> <span class='ocrx_word' id='word_1_345' title='bbox 2549 4097 2656 4149; x_wconf 87' lang='lat' dir='ltr'>Pro</span> <span class='ocrx_word' id='word_1_346' title='bbox 2695 4094 2872 4148; x_wconf 73' lang='lat' dir='ltr'>Sabim</span> 
     </span>
     <span class='ocr_line' id='line_1_51' title="bbox 1841 4167 2870 4247; baseline -0.001 -19"><span class='ocrx_word' id='word_1_347' title='bbox 1841 4194 2153 4247; x_wconf 86' lang='lat' dir='ltr'>reponerem</span> <span class='ocrx_word' id='word_1_348' title='bbox 2191 4178 2275 4230; x_wconf 74' lang='lat' dir='ltr'>vel</span> <span class='ocrx_word' id='word_1_349' title='bbox 2303 4175 2578 4238; x_wconf 64' lang='lat' dir='ltr'>Sameram,</span> <span class='ocrx_word' id='word_1_350' title='bbox 2612 4175 2695 4227; x_wconf 77' lang='lat' dir='ltr'>vel</span> <span class='ocrx_word' id='word_1_351' title='bbox 2711 4167 2870 4228; x_wconf 63' lang='lat' dir='ltr'>&#39;Scal-</span> 
     </span>
     <span class='ocr_line' id='line_1_52' title="bbox 1842 4254 2748 4310; baseline 0.003 -5"><span class='ocrx_word' id='word_1_352' title='bbox 1842 4256 1955 4307; x_wconf 81' lang='lat' dir='ltr'>dim.</span> <span class='ocrx_word' id='word_1_353' title='bbox 1974 4254 2114 4310; x_wconf 85' lang='lat' dir='ltr'>Vide</span> <span class='ocrx_word' id='word_1_354' title='bbox 2143 4269 2255 4309; x_wconf 89' lang='lat' dir='ltr'>not.</span> <span class='ocrx_word' id='word_1_355' title='bbox 2285 4254 2353 4308; x_wconf 84' lang='lat' dir='ltr'>ad</span> <span class='ocrx_word' id='word_1_356' title='bbox 2382 4257 2577 4309; x_wconf 85' lang='lat' dir='ltr'>calcem</span> <span class='ocrx_word' id='word_1_357' title='bbox 2604 4255 2748 4308; x_wconf 83' lang='lat' dir='ltr'>libri.</span> 
     </span>
    </p>
   </div>
  </div>
 </body>
</html>
