3111 5147
757 530 910 613 400
1261 528 1712 597 HENRICI
1764 523 2342 596 DODWELLI

754 658 1237 752 comparandos
1296 658 1741 754 superioribus
1774 673 1995 753 atque
2053 656 2547 752 insequentibus
2611 652 2920 722 Caesaris

755 766 1032 859 scriptis.
1079 768 1167 834 Hi
1203 768 1658 835 commentarii
1701 764 1809 834 alii
1851 790 1992 834 esse
2026 790 2164 833 non
2204 776 2515 859 poterant
2554 762 2639 828 ab
2682 762 2873 828 VIII
2894 812 2920 846 ,

754 874 868 965 qui
894 870 1251 966 Prologum
1276 874 1576 967 proxime
1600 872 2000 966 excipiebat,
2023 870 2176 940 belli
2208 869 2425 965 gallici
2446 867 2650 955 libro,
2668 866 2916 936 medio

757 980 1068 1047 nimirum
1123 977 1294 1047 inter
1356 977 1557 1047 libros
1621 977 1838 1073 gallici
1891 978 2044 1048 belli
2103 979 2356 1072 priores
2380 1029 2401 1064 ‚
2451 999 2617 1068 quos
2664 986 2920 1044 censet

756 1087 1128 1178 superiores
1151 1137 1171 1165 ,
1206 1098 1275 1152 et
1315 1081 1515 1153 libros
1558 1084 1711 1153 belli
1753 1082 1959 1154 civilis
1979 1138 1998 1172 ,
2041 1109 2205 1178 quos
2248 1108 2374 1177 pro
2416 1082 2673 1176 scriptis
2718 1081 2913 1173 ejus·

757 1190 910 1258 dem
955 1193 1231 1260 Caesaris
1275 1190 1477 1259 habet
1520 1190 2029 1284 insequentibus.
2071 1191 2179 1259 Sic
2225 1187 2389 1260 nihil
2423 1188 2670 1257 habent
2687 1239 2710 1275 ‚
2757 1211 2910 1280 quo

758 1321 828 1364 se
865 1311 1174 1365 tueantur
1208 1295 1508 1368 Florid'us
1544 1297 1828 1366 Sabinus
1862 1311 1929 1364 et
1962 1296 2341 1366 Ludovicus
2387 1295 2640 1365 Carrio.
2687 1296 2910 1361 Hunc

756 1400 999 1472 librum
1023 1428 1093 1472 se
1115 1406 1524 1473 contexuisse
1569 1418 1845 1472 testatur
1888 1405 2139 1472 Hirtius
2167 1428 2182 1470 :
2210 1402 2487 1496 proinde
2521 1401 2658 1494 jam
2690 1414 2909 1468 antea

759 1510 1076 1602 scriptum
1103 1564 1121 1596 ,
1155 1524 1223 1579 et
1257 1509 1474 1579 medio
1510 1525 1732 1579 tamen
1771 1507 1881 1578 illo
1901 1563 1921 1596 ‚
1961 1535 2156 1602 quem
2199 1508 2375 1596 dixi,
2417 1507 2562 1576 loco
2606 1506 2903 1599 disposi-

758 1628 919 1683 tum.
957 1620 1116 1685 Haec
1158 1630 1301 1685 erat
1330 1619 1643 1686 nimirum
1675 1617 2071 1710 scriptorum
2103 1616 2381 1685 Caesafis
2419 1614 2697 1708 digestio
2742 1610 2863 1680 illa
2883 1666 2905 1698 ‚

760 1721 843 1789 de
892 1747 1020 1815 qua
1076 1721 1365 1816 loquitur
1415 1737 1640 1791 noster
1662 1775 1682 1810 ‚
1722 1735 1822 1791 tot
1872 1721 2124 1790 saeculis
2180 1722 2506 1790 recentior
2530 1773 2550 1807 ‚
2593 1742 2729 1812 qua
2772 1743 2902 1787 sua

760 1829 1018 1920 scriptis
1060 1830 1263 1922 ipsius
1314 1829 1593 1898 Caesaris
1643 1828 1857 1896 media
1908 1830 2243 1897 contexuit
2290 1851 2552 1896 coaevus
2608 1827 2899 1893 Hirtius.

757 1934 1002 2001 Noster
1041 1935 1239 2002 etiam
1288 1932 1498 2003 editos
1539 1935 1609 2002 in
1652 1933 1867 2004 lucem
1909 1933 2110 2003 libros
2165 1936 2442 2004 Caesaris
2481 1946 2768 2001 testatur
2811 1932 2901 1998 ab

759 2036 899 2107 aliis
924 2093 944 2126 ,
977 2042 1090 2133 qui
1125 2040 1320 2108 rebus
1365 2041 1520 2134 ipsis
1562 2041 2011 2110 interfuerant.
2056 2039 2256 2111 Unde
2297 2037 2476 2109 hoc?
2507 2041 2775 2132 Nempe
2820 2063 2905 2106 ex

757 2141 883 2213 illis
926 2145 1189 2241 Prologi
1229 2146 1447 2215 verbis
1480 2173 1493 2215 :
1524 2153 1648 2242 qui
1668 2163 1833 2224 sunt
1868 2146 2066 2235 editi,
2095 2170 2185 2215 ne
2209 2151 2497 2215 secencia
2536 2161 2899 2213 tantarum

756 2275 977 2321 rerum
1000 2253 1436 2350 scriptoribus
1456 2253 1734 2323 deesset.
1769 2253 1897 2322 Sed
1922 2277 2270 2348 perperam
2290 2267 2516 2322 noster
2537 2249 2865 2319 intellexit
2881 2305 2901 2335 ‚

758 2360 811 2425 si
868 2373 1011 2428 tum
1065 2362 1351 2454 primum
1405 2360 1616 2430 editos
1667 2362 1736 2430 in
1779 2358 1994 2429 lucem
2044 2361 2322 2432 Caesaris
2376 2360 2898 2428 commentarios

759 2467 1087 2532 censuerit
1110 2518 1130 2549 ‚
1162 2491 1368 2559 quum
1404 2465 1756 2559 prologum
1789 2467 2105 2536 scriberet
2139 2468 2425 2549 Hirtius3
2453 2488 2690 2558 nempe
2736 2478 2897 2557 post

759 2585 1040 2638 mortem
1086 2573 1379 2641 Caesaris.
1424 2573 1572 2640 Imo
1600 2573 1739 2666 jam
1782 2587 1973 2643 antea
2009 2575 2078 2640 in
2111 2570 2287 2641 clara
2318 2570 2705 2649 lucefuisse
2744 2595 2897 2640 ver·

760 2690 935 2744 satos
963 2701 1000 2743 e
1028 2679 1366 2745 Ciceronis
1395 2692 1655 2747 constat
1680 2683 1887 2749 Bruto
1918 2706 1932 2746 :
1967 2682 2099 2749 imo
2129 2705 2210 2747 ex
2238 2679 2367 2747 hoc
2395 2681 2541 2774 ipso
2577 2675 2895 2771 PrologO.

756 2782 900 2849 Jam
947 2783 1121 2850 enim
1161 2783 1476 2876 probatos
1512 2786 1807 2853 omnium
1843 2785 2092 2878 judicio
2129 2798 2407 2855 testatur
2430 2838 2451 2870 ,
2472 2786 2612 2877 jam
2642 2785 2706 2851 in
2744 2808 2895 2853 om·

757 2889 940 2955 nium
986 2888 1415 2958 admiratione
1455 2890 1653 2959 fuisse
1678 2945 1697 2979 ‚
1731 2893 1917 2984 quasi
1961 2891 2129 2959 bene
2163 2890 2636 2984 emendateque
2678 2892 2893 2985 serip-

757 3008 879 3064 tos.
897 2996 1052 3065 Non
1081 3020 1240 3090 ergo
1267 2996 1348 3065 de
1374 3021 1492 3065 sua
1517 3050 1536 3084 ‚
1573 2996 1687 3065 sed
1711 2997 1794 3066 de
1813 2999 2088 3067 Caesaris
2102 2997 2387 3068 editione
2412 2996 2702 3091 loquitur
2732 2998 2893 3065 Hir-

758 3102 888 3169 tius
913 3156 932 3188 ,
959 3126 1162 3194 quum
1211 3101 1372 3171 illud
1405 3103 1706 3171 editionis
1738 3102 2093 3179 consilium,
2133 3108 2467 3197 agnoscit,
2501 3117 2765 3172 tantum
2806 3127 2913 3191 ne·

760 3209 1028 3275 scientia
1059 3222 1390 3277 tantarum
1434 3233 1654 3277 rerum
1701 3210 2129 3302 scriptoribus
2171 3209 2443 3279 deesset.
2487 3210 2897 3302 Exprimunt

759 3313 900 3380 haec
942 3314 1145 3381 verba
1182 3316 1457 3383 Caesaris
1490 3317 1707 3408 potius
1737 3315 1820 3383 de
1864 3317 1995 3385 suis
2039 3318 2296 3409 scriptis
2332 3317 2577 3411 agentis
2618 3313 2893 3382 modes-

758 3419 917 3486 tiam
942 3473 962 3505 ,
993 3442 1192 3513 quam
1237 3422 1433 3489 Hirtii
1463 3420 1545 3489 de
1576 3421 1804 3490 iisdem
1847 3421 2363 3491 admirationem.
2402 3422 2581 3491 Idem
2612 3417 2896 3515 Prologi

761 3539 992 3593 auctor
1047 3531 1399 3594 novdrsz'me
1449 3528 1851 3622 ioenperfieta
1901 3526 1993 3596 ab
2052 3527 2250 3597 rebus
2297 3534 2511 3623 gesa's
2566 3530 2638 3597 A
2642 3528 2893 3596 zexan-

757 3631 931 3700 drioe
954 3632 1278 3721 adfinem
1306 3637 1473 3701 ‘vz‘tae
1507 3635 1804 3703 Coesanzs
1822 3659 1897 3702 se
1923 3635 2297 3726 confecisse
2324 3649 2620 3704 testatur.
2652 3635 2887 3702 Proin-

759 3735 842 3807 de
874 3737 1013 3829 jam
1059 3762 1192 3805 una
1237 3763 1391 3806 cum
1442 3738 1726 3834 Prologo
1776 3739 1978 3810 libros
2028 3766 2182 3810 suos
2236 3743 2495 3836 penitus
2546 3739 2887 3808 confectos

760 3843 843 3911 de
879 3842 1052 3917 bello
1095 3842 1538 3915 Alexandrino
1564 3900 1583 3934 ,
1626 3845 1975 3933 Africano,
2005 3862 2239 3917 auctor
2270 3848 2577 3917 emiserit.
2612 3849 2758 3914 Imo
2801 3844 2885 3913 de

760 3947 933 4018 bello
966 3951 1163 4020 etiam
1198 3953 1588 4045 Hispanico,
1621 3945 2060 4046 (quamquam
2097 3952 2265 4024 illius
2307 3956 2374 4021 in
2417 3951 2705 4047 Prologo
2748 3977 2883 4019 non

761 4051 1185 4148 meminerit)
1235 4058 1414 4153 quod
1468 4059 1851 4153 praedictam
1892 4059 2215 4153 epocham
2240 4114 2259 4148 ‚
2293 4084 2439 4154 quae
2481 4059 2568 4128 ad
2610 4058 2885 4131 Caesaris

763 4177 1044 4237 mortem
1083 4189 1288 4258 usque
1341 4168 1604 4259 pertigit
1619 4219 1639 4254 ,
1683 4166 1814 4239 hoc
1858 4191 2119 4260 quoque
2161 4166 2403 4237 bellum
2442 4165 2878 4237 antecesserit.
