3111 5147
726 546 878 647 374

1039 552 1453 620 c..JUL11
1509 547 1978 618 CAESARIS
2033 543 2582 615 COMMENT.

723 682 824 752 bis
848 682 931 752 ad
959 681 1384 753 occultandas
1412 681 1676 752 insidias
1706 680 2058 750 viminibus
2089 705 2166 749 ae
2198 677 2497 774 virgultis
2518 674 2568 703 '⁰
2598 677 2839 769 intege-

723 788 937 859 batur.
969 791 1181 884 Hujus
1213 792 1468 884 generis
1506 789 1732 859 octoni
1772 787 2036 856 ordines
2069 786 2281 872 ducti,
2311 800 2535 860 ternos
2569 785 2739 851 inter
2773 805 2840 850 se

723 897 927 992 pedes
970 897 1317 965 distabant.
1354 895 1436 965 Id
1467 920 1549 964 ex
1585 893 2003 964 similitudine
2035 893 2214 962 floris
2244 888 2509 961 lilium²¹
2552 885 2838 984 appella-

724 1001 905 1072 bant.
942 1005 1114 1073 Ante
1149 999 1354 1072 haec²²
1390 986 1643 1071 taleae²³
1657 1054 1676 1089 ,
1703 1000 1938 1096 pedem
1970 999 2216 1094 longae,
2253 999 2478 1068 ferreis
2514 995 2765 1065 hamis
2747 1019 2839 1062 ln·

723 1107 909 1197 fixis,
952 1123 1106 1177 totae
1153 1112 1220 1177 in
1274 1121 1519 1177 terram
1567 1107 2092 1195 infodiebantur,
2134 1105 2701 1198 mediocribusque
2746 1103 2836 1170 in-

724 1216 1036 1283 ter-missis
1070 1216 1328 1309 spatiis,
1370 1214 1676 1285 omnibus
1713 1200 1934 1284 locis²⁴
1971 1213 2489 1300 disserebantur,
2525 1234 2691 1305 quos
2733 1208 2841 1277 sti-

722 1318 937 1390 mulos
975 1322 1422 1392 nominabant.

725 1505 866 1549 tem
891 1495 1047 1568 plena
1072 1508 1185 1550 erat
1207 1497 1470 1569 :reliqua,
1492 1506 1554 1549 ut
1575 1494 1744 1566 sequi·

637 1609 654 1685 J
729 1587 819 1629 tur
831 1613 849 1642 ,
860 1576 1104 1648 virgultis
1125 1577 1468 1649 integebatur.
1484 1575 1571 1630 Sic
1584 1575 1745 1627 intel-

725 1655 968 1710 lexerunt
981 1694 999 1723 ,
1012 1657 1303 1710 Glareanus
1322 1657 1416 1727 qui
1436 1654 1671 1708 breviter
1690 1666 1744 1707 et

725 1737 1003 1807 perspicue
1035 1734 1101 1789 ad
1131 1736 1186 1788 h.
1220 1736 1259 1789 l.
1302 1735 1587 1806 exposuit3
1615 1734 1740 1787 item

726 1814 965 1885 Lipsius,
981 1814 1227 1878 Poliorc.,
1238 1814 1333 1867 lib.
1349 1812 1562 1879 mdial.
1598 1832 1625 1866 s
1647 1852 1663 1878 ,
1689 1825 1744 1867 et

727 1892 1158 1966 Oudendorpius.
1190 1893 1273 1946 Ita
1311 1893 1514 1947 Morus.
1531 1893 1743 1947 Criticis

730 1972 798 2025 ab
834 1973 951 2045 ipso
982 1974 1138 2026 Moto
1167 1972 1338 2026 citatis
1374 1972 1513 2027 addo
1553 1973 1748 2026 Folard

728 2063 783 2104 et
825 2051 1112 2106 Guischard.
1164 2053 1355 2107 Melius
1384 2066 1592 2119 autem,
1621 2072 1743 2106 meo

722 2130 924 2204 judicio
938 2170 955 2197 ,
976 2144 1206 2186 mentem
1223 2134 1450 2187 auctoris
1461 2133 1602 2205 cepit
1623 2134 1746 2185 Tur·-

722 2216 812 2282 pae'n
828 2212 889 2264 de
911 2207 1076 2265 Crissd
1083 2250 1101 2279 ,
1123 2213 1181 2265 in
1198 2232 1290 2266 sua
1300 2214 1541 2268 versione
1559 2213 1743 2285 gallica

726 2302 956 2363 t.11‚p.
996 2293 1318 2362 1292Dam
1364 2293 1743 2360 lefonddeees

1832 1491 1899 1547 ad
1913 1477 2244 1546 altitudinem
2258 1492 2421 1545 trium
2434 1489 2649 1564 pedum.
2665 1490 2840 1556 Quum

1829 1583 2005 1626 autem
2029 1574 2209 1626 εποδε
2235 1590 2456 1644 quaque
2482 1571 2703 1624 haberet
2740 1582 2840 1622 tres
2954 1609 2961 1614 .

1828 1650 1990 1725 pedes
2026 1652 2081 1705 in
2126 1651 2429 1719 altitudine,
2477 1649 2604 1704 inde
2644 1661 2837 1703 constat

1829 1751 2091 1804 quamque
2132 1732 2372 1785 scrobem
2413 1732 2668 1803 repletam
2706 1743 2838 1782 terra

1828 1812 2013 1879 fuisse,
2037 1810 2181 1884 quod
2209 1812 2399 1865 falsum
2424 1823 2535 1864 est:
2558 1828 2682 1863 nam
2708 1809 2839 1861 infra

1828 1890 1959 1946 dicit
1973 1930 1990 1956 ‚
2021 1893 2202 1965 reliqua
2225 1911 2343 1963 pars
2385 1890 2577 1944 set-obis.
2610 1886 2772 1955 Quod
2799 1888 2839 1941 si

1827 1990 1948 2024 vera
1978 1984 2110 2025 esset
2141 1971 2236 2024 ista
2264 1970 2423 2024 lectio
2437 2009 2455 2037 ,
2486 1970 2644 2023 aliam
2674 1968 2724 2021 ei
2762 1969 2838 2020 in-

1828 2052 2262 2124 terpretationem
2308 2050 2566 2123 aptiorem
2618 2049 2846 2101 libenter

1827 2129 2188 2196 concederem,
2196 2129 2400 2183 dicens:
2410 2127 2839 2200 singulistipitesab

1829 2209 1991 2281 infimo
2003 2210 2105 2263 solo
2122 2204 2840 2271 mulcebantur-(dimitteban-

1825 2302 1916 2342 tur
1928 2329 1945 2356 ,
1958 2285 2417 2364 deprimebantur)
2432 2301 2559 2341 term
2573 2283 2651 2352 (in
2666 2284 2837 2353 terra),

719 2375 878 2441 pairs,
900 2372 1146 2443 onplanta
1171 2371 1601 2442 despiciat-onds,
1626 2391 1743 2441 gros
1820 2370 1966 2442 pedes
1997 2364 2199 2432 tres(ad
2227 2367 2592 2434 altitudinem,
2624 2368 2836 2441 profun-

726 2469 901 2504 comme
930 2452 980 2502 Ia
1017 2454 1191 2512 wisse,
1223 2463 1313 2506 etc.
1341 2471 1430 2524 que
1456 2452 1560 2502 l'on
1588 2454 1742 2518 affer-

726 2534 816 2582 nu‘t
839 2550 904 2584 au
927 2530 1053 2602 pied
1076 2549 1136 2582 en
1161 2531 1364 2597 soulant
1402 2532 1455 2583 la
1497 2542 1632 2584 terre.
1660 2532 1742 2584 Ita

726 2622 901 2664 autem
935 2611 1272 2683 interpretor.
1305 2608 1509 2682 Singuli
1539 2610 1741 2682 stipites

724 2689 1072 2744 firmabantur
1082 2690 1148 2742 ab
1163 2689 1348 2743 infimo
1361 2691 1493 2757 solo,
1507 2702 1645 2743 terra
1657 2709 1743 2744 ex-

723 2770 925 2823 culcata
966 2768 1032 2822 ad
1057 2767 1219 2841 pedes
1266 2788 1337 2824 sc.
1366 2770 1621 2842 stipitum.
1653 2769 1747 2823 Aa

723 2848 1064 2914 subauditur,
1076 2850 1160 2902 vel
1175 2849 1379 2903 incuria
1398 2850 1741 2903 librariorum

722 2928 919 2983 excidit
929 2949 961 2983 e
973 2941 1136 2982 textu.
1149 2929 1274 2983 Hoec
1285 2919 1601 3002 versiofmihi
1620 2931 1741 2985 sim·

722 3009 843 3081 plex
872 3009 1112 3076 videtur,
1149 3023 1202 3064 et
1232 3007 1298 3065 ad
1328 3011 1503 3065 locum
1534 3028 1738 3063 accom-

721 3088 1094 3144 modatissima.
1119 3089 1205 3144 Sic
1226 3090 1371 3143 nulla
1393 3089 1612 3162 quaestio
1640 3089 1743 3144 erit

722 3165 792 3221 de
815 3168 1041 3240 pedibus
1066 3170 1328 3235 metricis,
1360 3168 1452 3223 sed
1482 3168 1550 3222 de
1574 3166 1737 3241 pede,

722 3248 833 3302 scil.
852 3250 955 3301 ima
976 3261 1127 3322 parte
1150 3252 1402 3321 cujusque
1420 3247 1628 3320 stipitis.
1654 3247 1737 3300 Ad

723 3345 880 3399 quam
912 3342 1087 3381 autem
1124 3342 1424 3381 mensuram
1471 3327 1736 3380 exculeata

722 3407 884 3459 fuerit
894 3420 1034 3460 terra
1050 3445 1066 3473 ,
1089 3407 1346 3461 nescitur:
1366 3418 1507 3459 certe
1521 3444 1538 3470 ‚
1559 3406 1734 3477 quoad

720 3503 928 3540 neeesse
950 3487 1051 3541 fuit
1069 3485 1134 3539 ad
1152 3483 1524 3539 stabiliendum
1550 3503 1734 3557 quem-

721 3583 825 3637 que
835 3566 1066 3638 stipitem
1089 3582 1103 3619 :
1126 3565 1197 3618 ita
1220 3584 1432 3638 quoque
1448 3566 1631 3636 reliqua
1646 3571 1737 3617 erit

714 3662 834 3716 pars
857 3645 1035 3698 scrobis
1063 3657 1116 3698 et
1144 3663 1339 3712 vacua,
1368 3657 1430 3698 ut
1459 3645 1533 3698 ait
1563 3644 1736 3698 Caesar

721 3725 1016 3796 paulopost.
1041 3724 1189 3777 Nihil
1209 3725 1334 3792 hac,
1360 3723 1549 3789 credo,
1566 3725 1732 3796 expli·

720 3805 926 3858 catione
951 3805 1156 3859 clarius.
1189 3805 1293 3859 Int.
1316 3823 1469 3877 graec.
1497 3816 1550 3857 et
1573 3802 1728 3858 codd.

719 3886 963 3938 nonnulli
980 3886 1119 3938 inter
1131 3904 1262 3957 quos
1274 3896 1452 3939 noster
1465 3885 1529 3937 R.
1547 3884 1696 3955 5764
1714 3918 1731 3951 ,

719 3962 870 4018 aliter
883 3966 1064 4036 legunt
1083 3965 1303 4036 :Singuli
1325 3960 1418 4026 (sc.
1433 3960 1659 4037 stipites)
1670 3964 1733 4015 ab

720 4042 880 4111 &fimo
896 4045 997 4096 solo
1003 4045 1150 4116 pedes
1166 4042 1561 4109 Multitudine
1569 4044 1733 4098 trium

716 4120 949 4192 pedum)
982 4137 1108 4177 terra
1143 4125 1525 4178 emlcabanmr.
1559 4124 1731 4191 Quam

717 4200 836 4254 lect.
857 4203 1293 4275 interpretantur-3
1307 4204 1500 4277 singuli
1530 4204 1732 4276 stipites

718 4281 786 4334 ab
817 4281 1002 4337 infimo
1033 4285 1145 4335 mlo
1167 4296 1306 4339 terra
1328 4283 1732 4338 excustabunt-u*

1826 2448 2046 2503 ditatem
2076 2450 2238 2502 trium
2261 2445 2512 2521 pedum).
2526 2451 2599 2501 At
2620 2445 2718 2502 ista
2736 2464 2837 2499 uon

1828 2530 1964 2584 belle
1984 2530 2246 2584 coherere
2265 2528 2396 2582 mihi
2421 2527 2691 2583 videntur.
2711 2526 2835 2581 Satis

1827 2610 1931 2664 sint
1951 2611 2114 2682 igitur
2137 2628 2254 2682 quae
2273 2607 2422 2662 dixi:
2450 2609 2604 2681 prior
2624 2606 2834 2681 explic·-

1827 2689 1902 2743 tio
1932 2691 2067 2743 mihi
2096 2689 2259 2761 magis
2287 2687 2503 2742 arridet.

1912 2788 2001 2822 20.
2051 2770 2310 2839 Vir-gultis.
2366 2767 2658 2832 Nonnulli,
2705 2767 2835 2819 inta-

1826 2867 1959 2921 quos
1984 2849 2046 2901 R.
2075 2847 2194 2901 cod.
2220 2849 2368 2919 5763
2388 2849 2643 2913 ,νίπσιιὶιίε.
2678 2849 2745 2899 At
2770 2846 2833 2898 fa·

1824 2928 1937 2982 cilis
1966 2928 2190 2981 mutatio
2220 2948 2282 2998 νς
2301 2928 2357 2979 in
2385 2947 2461 2980 nc.

1909 3028 1937 3061 s
1953 3027 1999 3061 1.
2019 3009 2211 3061 Litium.
2234 3007 2425 3079 Reipsa
2447 3006 2561 3059 hsec
2585 3005 2762 3059 scrobs
2780 3004 2833 3056 in

1824 3087 2049 3142 formam
2079 3088 2253 3141 calicis
2272 3086 2371 3140 lilii
2386 3087 2609 3158 fingitur
2633 3104 2665 3138 e
2693 3087 2831 3155 cujus

1823 3166 2001 3221 medio
2040 3168 2283 3239 surgebat
2322 3167 2577 3219 insertmn
2605 3164 2828 3237 lignum,

1823 3260 1885 3300 ut
1926 3246 2049 3319 styli
2086 3258 2307 3318 surgunt
2337 3265 2367 3299 e
2410 3244 2590 3299 medio
2626 3243 2822 3296 florum.

1824 3322 1986 3388 (vid.
2007 3326 2223 3398 Ichnog.
2242 3326 2329 3397 fig.
2367 3329 2399 3380 8
2415 3364 2432 3388 ‚
2471 3345 2524 3394 9.
2551 3321 2572 3387 )

1906 3425 1933 3459 s
1946 3427 1972 3460 α
1982 3447 1994 3458 .
2011 3406 2144 3458 Ante
2158 3406 2275 3458 hoec.
2288 3405 2533 3457 Tertium
2545 3421 2700 3475 genus
2711 3418 2828 3473 ope·

1820 3486 1894 3538 ris
1908 3523 1925 3550 ,
1944 3503 2036 3537 seu
2057 3482 2441 3557 impedimenti.
2456 3515 2539 3525 —
2554 3483 2686 3537 Ante
2715 3482 2824 3533 hec.

1821 3563 1942 3618 scil.
1979 3564 2155 3617 hostes
2198 3583 2380 3618 versus
2394 3602 2411 3630 ,
2442 3574 2502 3615 ut
2541 3559 2830 3635 procedens

1818 3644 2105 3716 quincunx.

1905 3724 1993 3777 23.
2025 3724 2204 3776 Taleoe.
2232 3723 2493 3788 Murices,
2517 3722 2601 3774 des
2621 3722 2830 3773 chaum·

1823 3815 1996 3874 impes.
2021 3803 2092 3856 Et
2116 3804 2210 3856 has
2238 3804 2453 3855 stimulos
2476 3815 2627 3855 vocat
2647 3801 2828 3854 Caesar.

1819 3882 2180 3955 Explicatione
2209 3881 2308 3935 alia
2332 3900 2442 3935 non
2466 3893 2639 3953 egent.

1904 3970 1992 4027 ²21.
2030 3962 2263 4016 Onmibm
2286 3962 2414 4014 loak.
2444 3961 2564 4014 scil.
2589 3963 2647 4012 in
2675 3960 2831 4012 inter-

1820 4042 1957 4096 vallo
1988 4043 2128 4096 inter
2150 4043 2383 4114 priorem
2411 4042 2600 4093 fossam
2622 4058 2693 4094 xx
2714 4034 2831 4112 ped.

1819 4122 1979 4175 latam
2010 4135 2061 4175 et
2091 4121 2373 4176 distantem
2386 4138 2455 4174 cn
2472 4119 2627 4192 ped„
2655 4133 2715 4173 ut
2743 4119 2834 4171 hs-

1820 4203 1947 4255 bent
1968 4200 2144 4267 codd„
2156 4214 2210 4255 et
2221 4202 2460 4255 stimulos
2477 4219 2490 4254 ε
2505 4218 2628 4254 nam
2644 4200 2687 4252 si
2700 4198 2837 4272 prio·

1819 4300 1932 4335 rem
1961 4282 2148 4336 fossam
2194 4300 2265 4334 xx
2297 4278 2498 4353 pedum
2545 4277 2611 4333 ad
2647 4278 2834 4331 distan-
