<?xml version="1.0" encoding="UTF-8"?>
<!DOCTYPE html PUBLIC "-//W3C//DTD XHTML 1.0 Transitional//EN"
    "http://www.w3.org/TR/xhtml1/DTD/xhtml1-transitional.dtd">
<html xmlns="http://www.w3.org/1999/xhtml" xml:lang="en" lang="en">
 <head>
  <title>
</title>
<meta http-equiv="Content-Type" content="text/html;charset=utf-8" />
  <meta name='ocr-system' content='tesseract 3.04.00' />
  <meta name='ocr-capabilities' content='ocr_page ocr_carea ocr_par ocr_line ocrx_word'/>
</head>
<body>
  <div class='ocr_page' id='page_1' title='image "./caesaradbodices00caesgoog_0435.png"; bbox 0 0 3111 5147; ppageno 0'>
   <div class='ocr_carea' id='block_1_1' title="bbox 495 538 2052 612">
    <p class='ocr_par' dir='ltr' id='par_1_1' title="bbox 495 538 2052 612">
     <span class='ocr_line' id='line_1_1' title="bbox 495 538 2052 612; baseline 0.004 -6"><span class='ocrx_word' id='word_1_1' title='bbox 495 539 633 607; x_wconf 91' lang='lat' dir='ltr'>DE</span> <span class='ocrx_word' id='word_1_2' title='bbox 684 538 1029 607; x_wconf 88' lang='lat' dir='ltr'><strong>BELLO</strong></span> <span class='ocrx_word' id='word_1_3' title='bbox 1083 540 1572 609; x_wconf 85' lang='lat' dir='ltr'>GALLICO.</span> <span class='ocrx_word' id='word_1_4' title='bbox 1629 543 1819 610; x_wconf 90' lang='lat' dir='ltr'>LIB.</span> <span class='ocrx_word' id='word_1_5' title='bbox 1874 544 2052 612; x_wconf 86' lang='lat' dir='ltr'>VII.</span> 
     </span>
    </p>
   </div>
   <div class='ocr_carea' id='block_1_2' title="bbox 2217 543 2401 645">
    <p class='ocr_par' dir='ltr' id='par_1_2' title="bbox 2217 543 2401 645">
     <span class='ocr_line' id='line_1_2' title="bbox 2217 543 2401 645; baseline 0.011 -2"><span class='ocrx_word' id='word_1_6' title='bbox 2217 543 2401 645; x_wconf 83' lang='lat'>397·</span> 
     </span>
    </p>
   </div>
   <div class='ocr_carea' id='block_1_3' title="bbox 230 668 2371 984">
    <p class='ocr_par' dir='ltr' id='par_1_3' title="bbox 230 668 2371 984">
     <span class='ocr_line' id='line_1_3' title="bbox 230 668 2368 766; baseline 0.005 -29"><span class='ocrx_word' id='word_1_7' title='bbox 230 668 604 739; x_wconf 81' lang='lat' dir='ltr'><strong>Matiscone</strong></span> <span class='ocrx_word' id='word_1_8' title='bbox 646 672 715 738; x_wconf 92' lang='lat' dir='ltr'>in</span> <span class='ocrx_word' id='word_1_9' title='bbox 757 670 986 739; x_wconf 85' lang='lat' dir='ltr'>AEduis</span> <span class='ocrx_word' id='word_1_10' title='bbox 1027 670 1111 739; x_wconf 87' lang='lat' dir='ltr'>ad</span> <span class='ocrx_word' id='word_1_11' title='bbox 1153 671 1413 740; x_wconf 84' lang='lat' dir='ltr'>Ararim</span> <span class='ocrx_word' id='word_1_12' title='bbox 1433 726 1453 760; x_wconf 88' lang='lat'>,</span> <span class='ocrx_word' id='word_1_13' title='bbox 1489 673 1585 741; x_wconf 85' lang='lat' dir='ltr'>rei</span> <span class='ocrx_word' id='word_1_14' title='bbox 1627 671 2068 745; x_wconf 71' lang='lat' dir='ltr'>frumentariae</span> <span class='ocrx_word' id='word_1_15' title='bbox 2119 701 2318 747; x_wconf 85' lang='lat' dir='ltr'>causa</span> <span class='ocrx_word' id='word_1_16' title='bbox 2348 733 2368 766; x_wconf 87' lang='lat'>,</span> 
     </span>
     <span class='ocr_line' id='line_1_4' title="bbox 231 773 2368 871; baseline 0.006 -30"><span class='ocrx_word' id='word_1_17' title='bbox 231 773 533 845; x_wconf 86' lang='lat' dir='ltr'>collocat.</span> <span class='ocrx_word' id='word_1_18' title='bbox 580 779 732 871; x_wconf 87' lang='lat' dir='ltr'>Ipse</span> <span class='ocrx_word' id='word_1_19' title='bbox 774 778 1079 847; x_wconf 80' lang='lat' dir='ltr'><strong>Bibracte</strong></span> <span class='ocrx_word' id='word_1_20' title='bbox 1119 777 1411 847; x_wconf 85' lang='lat' dir='ltr'>hiemare</span> <span class='ocrx_word' id='word_1_21' title='bbox 1455 781 1811 849; x_wconf 86' lang='lat' dir='ltr'>constituit.</span> <span class='ocrx_word' id='word_1_22' title='bbox 1859 783 1978 851; x_wconf 87' lang='lat' dir='ltr'>His</span> <span class='ocrx_word' id='word_1_23' title='bbox 2021 782 2215 853; x_wconf 85' lang='lat' dir='ltr'>rebus</span> <span class='ocrx_word' id='word_1_24' title='bbox 2264 784 2368 853; x_wconf 92' lang='lat' dir='ltr'>lit-</span> 
     </span>
     <span class='ocr_line' id='line_1_5' title="bbox 236 881 2371 984; baseline 0.005 -35"><span class='ocrx_word' id='word_1_25' title='bbox 236 883 399 950; x_wconf 86' lang='lat' dir='ltr'>teris</span> <span class='ocrx_word' id='word_1_26' title='bbox 460 883 740 952; x_wconf 83' lang='lat' dir='ltr'>Caesaris</span> <span class='ocrx_word' id='word_1_27' title='bbox 797 885 1077 978; x_wconf 83' lang='lat' dir='ltr'>cognitis</span> <span class='ocrx_word' id='word_1_28' title='bbox 1143 881 1444 970; x_wconf 81' lang='lat' dir='ltr'>Romae²,</span> <span class='ocrx_word' id='word_1_29' title='bbox 1487 885 1744 955; x_wconf 87' lang='lat' dir='ltr'>dierum</span> <span class='ocrx_word' id='word_1_30' title='bbox 1792 889 1926 956; x_wconf 86' lang='lat' dir='ltr'>XX</span> <span class='ocrx_word' id='word_1_31' title='bbox 1980 887 2371 984; x_wconf 83' lang='lat' dir='ltr'>supplicatio</span> 
     </span>
    </p>
   </div>
   <div class='ocr_carea' id='block_1_4' title="bbox 232 974 608 1059">
    <p class='ocr_par' dir='ltr' id='par_1_4' title="bbox 232 974 608 1059">
     <span class='ocr_line' id='line_1_6' title="bbox 232 974 608 1059; baseline 0.008 -6"><span class='ocrx_word' id='word_1_32' title='bbox 232 974 588 1059; x_wconf 77' lang='lat' dir='ltr'>indicitur³</span> <span class='ocrx_word' id='word_1_33' title='bbox 594 1042 608 1056; x_wconf 91' lang='lat'>.</span> 
     </span>
    </p>
   </div>
   <div class='ocr_carea' id='block_1_5' title="bbox 322 1162 1257 1233">
    <p class='ocr_par' dir='ltr' id='par_1_5' title="bbox 322 1162 1257 1233">
     <span class='ocr_line' id='line_1_7' title="bbox 322 1162 1257 1233; baseline 0.001 -19"><span class='ocrx_word' id='word_1_34' title='bbox 322 1181 372 1214; x_wconf 70' lang='grc' dir='ltr'>ιι.</span> <span class='ocrx_word' id='word_1_35' title='bbox 395 1162 474 1213; x_wconf 84' lang='lat' dir='ltr'><em>H</em></span> <span class='ocrx_word' id='word_1_36' title='bbox 455 1182 495 1213; x_wconf 77' lang='lat' dir='ltr'>u·</span> <span class='ocrx_word' id='word_1_37' title='bbox 522 1162 656 1214; x_wconf 79' lang='lat' dir='ltr'>rebus</span> <span class='ocrx_word' id='word_1_38' title='bbox 678 1163 848 1214; x_wconf 80' lang='lat' dir='ltr'>litteris</span> <span class='ocrx_word' id='word_1_39' title='bbox 868 1162 1077 1216; x_wconf 82' lang='lat' dir='ltr'>Coesaris</span> <span class='ocrx_word' id='word_1_40' title='bbox 1091 1169 1257 1233; x_wconf 74' lang='lat' dir='ltr'>cogni·</span> 
     </span>
    </p>
   </div>
   <div class='ocr_carea' id='block_1_6' title="bbox 234 1241 1264 1394">
    <p class='ocr_par' dir='ltr' id='par_1_6' title="bbox 234 1241 1264 1394">
     <span class='ocr_line' id='line_1_8' title="bbox 238 1241 1260 1296; baseline 0.004 -4"><span class='ocrx_word' id='word_1_41' title='bbox 238 1245 302 1292; x_wconf 72' lang='lat' dir='ltr'>tis</span> <span class='ocrx_word' id='word_1_42' title='bbox 327 1241 508 1293; x_wconf 74' lang='lat' dir='ltr'>Romoe.</span> <span class='ocrx_word' id='word_1_43' title='bbox 540 1242 667 1295; x_wconf 76' lang='lat' dir='ltr'>Haec</span> <span class='ocrx_word' id='word_1_44' title='bbox 696 1242 855 1295; x_wconf 85' lang='lat' dir='ltr'>lectio</span> <span class='ocrx_word' id='word_1_45' title='bbox 884 1242 1018 1296; x_wconf 86' lang='lat' dir='ltr'>mihi</span> <span class='ocrx_word' id='word_1_46' title='bbox 1046 1241 1260 1296; x_wconf 79' lang='lat' dir='ltr'>videtur</span> 
     </span>
     <span class='ocr_line' id='line_1_9' title="bbox 234 1319 1264 1394; baseline 0.004 -22"><span class='ocrx_word' id='word_1_47' title='bbox 234 1319 537 1373; x_wconf 72' lang='lat' dir='ltr'>emendatio</span> <span class='ocrx_word' id='word_1_48' title='bbox 562 1322 947 1375; x_wconf 80' lang='lat' dir='ltr'>recentiorum:</span> <span class='ocrx_word' id='word_1_49' title='bbox 971 1341 1096 1375; x_wconf 74' lang='lat' dir='ltr'>nam</span> <span class='ocrx_word' id='word_1_50' title='bbox 1126 1323 1264 1394; x_wconf 86' lang='lat' dir='ltr'>opti·</span> 
     </span>
    </p>
   </div>
   <div class='ocr_carea' id='block_1_7' title="bbox 234 1400 1261 1553">
    <p class='ocr_par' dir='ltr' id='par_1_7' title="bbox 234 1400 1261 1553">
     <span class='ocr_line' id='line_1_10' title="bbox 234 1400 1260 1471; baseline 0.004 -19"><span class='ocrx_word' id='word_1_51' title='bbox 234 1402 316 1452; x_wconf 81' lang='lat' dir='ltr'>mi</span> <span class='ocrx_word' id='word_1_52' title='bbox 351 1412 404 1453; x_wconf 89' lang='lat' dir='ltr'>et</span> <span class='ocrx_word' id='word_1_53' title='bbox 447 1401 795 1471; x_wconf 74' lang='lat' dir='ltr'>antiquissimi</span> <span class='ocrx_word' id='word_1_54' title='bbox 825 1400 1033 1454; x_wconf 87' lang='lat' dir='ltr'>codices</span> <span class='ocrx_word' id='word_1_55' title='bbox 1063 1400 1260 1456; x_wconf 78' lang='lat' dir='ltr'>Andin.</span> 
     </span>
     <span class='ocr_line' id='line_1_11' title="bbox 239 1478 1261 1553; baseline 0.004 -22"><span class='ocrx_word' id='word_1_56' title='bbox 239 1479 417 1533; x_wconf 83' lang='lat' dir='ltr'>Oxon.</span> <span class='ocrx_word' id='word_1_57' title='bbox 446 1478 597 1534; x_wconf 85' lang='lat' dir='ltr'>Leid.</span> <span class='ocrx_word' id='word_1_58' title='bbox 632 1499 717 1553; x_wconf 89' lang='lat' dir='ltr'>pr.</span> <span class='ocrx_word' id='word_1_59' title='bbox 757 1494 810 1533; x_wconf 83' lang='lat' dir='ltr'>et</span> <span class='ocrx_word' id='word_1_60' title='bbox 844 1494 1025 1535; x_wconf 84' lang='lat' dir='ltr'>noster</span> <span class='ocrx_word' id='word_1_61' title='bbox 1060 1482 1210 1552; x_wconf 76' lang='lat'><em>5764</em></span> <span class='ocrx_word' id='word_1_62' title='bbox 1248 1501 1261 1535; x_wconf 86' lang='lat'>:</span> 
     </span>
    </p>
   </div>
   <div class='ocr_carea' id='block_1_8' title="bbox 1347 1167 2373 1554">
    <p class='ocr_par' dir='ltr' id='par_1_8' title="bbox 1347 1167 2373 1377">
     <span class='ocr_line' id='line_1_12' title="bbox 1347 1167 2364 1237; baseline 0.006 -21"><span class='ocrx_word' id='word_1_63' title='bbox 1347 1177 1406 1216; x_wconf 87' lang='lat' dir='ltr'>ut</span> <span class='ocrx_word' id='word_1_64' title='bbox 1434 1176 1639 1230; x_wconf 83' lang='lat' dir='ltr'>noster,</span> <span class='ocrx_word' id='word_1_65' title='bbox 1667 1167 1740 1217; x_wconf 80' lang='lat' dir='ltr'>lu‘s</span> <span class='ocrx_word' id='word_1_66' title='bbox 1763 1167 1933 1218; x_wconf 76' lang='lat' dir='ltr'>litteris</span> <span class='ocrx_word' id='word_1_67' title='bbox 1959 1173 2162 1237; x_wconf 72' lang='lat' dir='ltr'>cognitis</span> <span class='ocrx_word' id='word_1_68' title='bbox 2185 1169 2364 1222; x_wconf 81' lang='lat' dir='ltr'>Romoe.</span> 
     </span>
     <span class='ocr_line' id='line_1_13' title="bbox 1347 1242 2373 1302; baseline 0.005 -7"><span class='ocrx_word' id='word_1_69' title='bbox 1347 1242 1459 1296; x_wconf 87' lang='lat' dir='ltr'>Nec</span> <span class='ocrx_word' id='word_1_70' title='bbox 1475 1263 1628 1297; x_wconf 84' lang='lat' dir='ltr'>causa</span> <span class='ocrx_word' id='word_1_71' title='bbox 1644 1259 1757 1299; x_wconf 76' lang='lat' dir='ltr'>erat</span> <span class='ocrx_word' id='word_1_72' title='bbox 1773 1264 1870 1298; x_wconf 84' lang='lat' dir='ltr'>cur</span> <span class='ocrx_word' id='word_1_73' title='bbox 1880 1246 2042 1300; x_wconf 82' lang='lat' dir='ltr'>lectio</span> <span class='ocrx_word' id='word_1_74' title='bbox 2059 1246 2216 1302; x_wconf 89' lang='lat' dir='ltr'><strong>codd.</strong></span> <span class='ocrx_word' id='word_1_75' title='bbox 2230 1250 2373 1301; x_wconf 82' lang='lat' dir='ltr'>solli-</span> 
     </span>
     <span class='ocr_line' id='line_1_14' title="bbox 1348 1324 1615 1377; baseline 0.004 -1"><span class='ocrx_word' id='word_1_76' title='bbox 1348 1324 1615 1377; x_wconf 76' lang='lat' dir='ltr'>citaretur.</span> 
     </span>
    </p>

    <p class='ocr_par' dir='ltr' id='par_1_9' title="bbox 1352 1403 2371 1554">
     <span class='ocr_line' id='line_1_15' title="bbox 1433 1403 2371 1477; baseline 0.007 -23"><span class='ocrx_word' id='word_1_77' title='bbox 1433 1403 1485 1455; x_wconf 87' lang='lat'>3.</span> <span class='ocrx_word' id='word_1_78' title='bbox 1512 1405 1715 1455; x_wconf 66' lang='lat' dir='ltr'>Dieron·</span> <span class='ocrx_word' id='word_1_79' title='bbox 1733 1404 1860 1457; x_wconf 74' lang='lat' dir='ltr'>XX</span> <span class='ocrx_word' id='word_1_80' title='bbox 1876 1409 2176 1477; x_wconf 76' lang='lat' dir='ltr'>supplicatio.</span> <span class='ocrx_word' id='word_1_81' title='bbox 2205 1409 2284 1461; x_wconf 87' lang='lat' dir='ltr'>De</span> <span class='ocrx_word' id='word_1_82' title='bbox 2307 1407 2371 1461; x_wconf 73' lang='lat' dir='ltr'>iis</span> 
     </span>
     <span class='ocr_line' id='line_1_16' title="bbox 1352 1483 2367 1554; baseline 0.006 -20"><span class='ocrx_word' id='word_1_83' title='bbox 1352 1483 1826 1554; x_wconf 78' lang='lat' dir='ltr'>supplicationibus</span> <span class='ocrx_word' id='word_1_84' title='bbox 1839 1521 1858 1549; x_wconf 84' lang='lat'>,</span> <span class='ocrx_word' id='word_1_85' title='bbox 1873 1483 1984 1537; x_wconf 81' lang='lat' dir='ltr'>vid.</span> <span class='ocrx_word' id='word_1_86' title='bbox 2012 1487 2188 1539; x_wconf 73' lang='lat' dir='ltr'>valer.</span> <span class='ocrx_word' id='word_1_87' title='bbox 2226 1488 2367 1540; x_wconf 79' lang='lat' dir='ltr'>Max.</span> 
     </span>
    </p>
   </div>
   <div class='ocr_carea' id='block_1_9' title="bbox 239 1560 1735 1634">
    <p class='ocr_par' dir='ltr' id='par_1_10' title="bbox 239 1560 1735 1634">
     <span class='ocr_line' id='line_1_17' title="bbox 239 1560 1735 1634; baseline 0.002 -22"><span class='ocrx_word' id='word_1_88' title='bbox 239 1560 406 1630; x_wconf 79' lang='lat' dir='ltr'>Hujus</span> <span class='ocrx_word' id='word_1_89' title='bbox 428 1563 547 1611; x_wconf 79' lang='lat' dir='ltr'>anni</span> <span class='ocrx_word' id='word_1_90' title='bbox 579 1560 712 1612; x_wconf 80' lang='lat' dir='ltr'>rebus</span> <span class='ocrx_word' id='word_1_91' title='bbox 740 1565 940 1631; x_wconf 70' lang='lat' dir='ltr'>cognitis</span> <span class='ocrx_word' id='word_1_92' title='bbox 964 1562 1157 1622; x_wconf 59' lang='lat' dir='ltr'>Romen</span> <span class='ocrx_word' id='word_1_93' title='bbox 1181 1562 1265 1613; x_wconf 80' lang='lat' dir='ltr'>vel</span> <span class='ocrx_word' id='word_1_94' title='bbox 1351 1562 1446 1615; x_wconf 84' lang='lat' dir='ltr'>lib.</span> <span class='ocrx_word' id='word_1_95' title='bbox 1467 1579 1519 1627; x_wconf 84' lang='lat'>1,</span> <span class='ocrx_word' id='word_1_96' title='bbox 1538 1582 1652 1634; x_wconf 76' lang='lat' dir='ltr'>cap.</span> <span class='ocrx_word' id='word_1_97' title='bbox 1689 1581 1735 1615; x_wconf 87' lang='grc' dir='ltr'>ι.</span> 
     </span>
    </p>
   </div>
   <div class='ocr_carea' id='block_1_10' title="bbox 374 1771 2260 1821">
    <p class='ocr_par' dir='ltr' id='par_1_11' title="bbox 374 1771 2260 1821">
     <span class='ocr_line' id='line_1_18' title="bbox 374 1771 2260 1821; baseline 0.001 -5"><span class='ocrx_word' id='word_1_98' title='bbox 374 1771 1092 1818; x_wconf 74' lang='lat' dir='ltr'><strong>SUPPLEMENTUM</strong></span> <span class='ocrx_word' id='word_1_99' title='bbox 1150 1773 1259 1818; x_wconf 79' lang='lat' dir='ltr'>AD</span> <span class='ocrx_word' id='word_1_100' title='bbox 1313 1772 1865 1819; x_wconf 78' lang='lat' dir='ltr'><strong>OBSIDIONEM</strong></span> <span class='ocrx_word' id='word_1_101' title='bbox 1921 1773 2260 1821; x_wconf 73' lang='lat' dir='ltr'>ALESIAE.</span> 
     </span>
    </p>
   </div>
   <div class='ocr_carea' id='block_1_11' title="bbox 703 1888 1900 1987">
    <p class='ocr_par' dir='ltr' id='par_1_12' title="bbox 703 1888 1900 1987">
     <span class='ocr_line' id='line_1_19' title="bbox 703 1888 1900 1987; baseline -0.001 -27"><span class='ocrx_word' id='word_1_102' title='bbox 703 1890 879 1960; x_wconf 77' lang='lat' dir='ltr'>Vide</span> <span class='ocrx_word' id='word_1_103' title='bbox 928 1913 1142 1986; x_wconf 82' lang='lat' dir='ltr'>supra</span> <span class='ocrx_word' id='word_1_104' title='bbox 1192 1914 1392 1986; x_wconf 84' lang='lat' dir='ltr'>capp.</span> <span class='ocrx_word' id='word_1_105' title='bbox 1433 1888 1533 1984; x_wconf 88' lang='lat'>69</span> <span class='ocrx_word' id='word_1_106' title='bbox 1549 1945 1572 1977; x_wconf 92' lang='lat'><em>‚</em></span> <span class='ocrx_word' id='word_1_107' title='bbox 1614 1907 1685 1960; x_wconf 85' lang='lat' dir='ltr'>et</span> <span class='ocrx_word' id='word_1_108' title='bbox 1716 1916 1900 1987; x_wconf 79' lang='lat' dir='ltr'>seqq.</span> 
     </span>
    </p>
   </div>
   <div class='ocr_carea' id='block_1_12' title="bbox 244 2086 1288 3911">
    <p class='ocr_par' dir='ltr' id='par_1_13' title="bbox 244 2086 1273 3035">
     <span class='ocr_line' id='line_1_20' title="bbox 325 2086 1265 2142; baseline -0.004 0"><span class='ocrx_word' id='word_1_109' title='bbox 325 2090 491 2142; x_wconf 81' lang='lat' dir='ltr'>Paulo</span> <span class='ocrx_word' id='word_1_110' title='bbox 517 2086 719 2142; x_wconf 76' lang='lat' dir='ltr'>tardius</span> <span class='ocrx_word' id='word_1_111' title='bbox 746 2087 880 2140; x_wconf 84' lang='lat' dir='ltr'>mihi</span> <span class='ocrx_word' id='word_1_112' title='bbox 906 2088 963 2138; x_wconf 92' lang='lat' dir='ltr'>in</span> <span class='ocrx_word' id='word_1_113' title='bbox 981 2106 1166 2139; x_wconf 81' lang='lat' dir='ltr'>manus</span> <span class='ocrx_word' id='word_1_114' title='bbox 1187 2088 1265 2139; x_wconf 88' lang='lat' dir='ltr'>in·</span> 
     </span>
     <span class='ocr_line' id='line_1_21' title="bbox 248 2167 1267 2240; baseline -0.006 -18"><span class='ocrx_word' id='word_1_115' title='bbox 248 2167 382 2222; x_wconf 77' lang='lat' dir='ltr'>cidit</span> <span class='ocrx_word' id='word_1_116' title='bbox 404 2188 562 2240; x_wconf 83' lang='lat' dir='ltr'>opus,</span> <span class='ocrx_word' id='word_1_117' title='bbox 586 2168 672 2221; x_wconf 89' lang='lat' dir='ltr'>cui</span> <span class='ocrx_word' id='word_1_118' title='bbox 697 2168 882 2220; x_wconf 84' lang='lat' dir='ltr'>titulus</span> <span class='ocrx_word' id='word_1_119' title='bbox 903 2179 1012 2219; x_wconf 84' lang='lat' dir='ltr'>est:</span> <span class='ocrx_word' id='word_1_120' title='bbox 1030 2168 1081 2217; x_wconf 83' lang='lat' dir='ltr'>la</span> <span class='ocrx_word' id='word_1_121' title='bbox 1094 2185 1267 2235; x_wconf 77' lang='lat' dir='ltr'>guerre</span> 
     </span>
     <span class='ocr_line' id='line_1_22' title="bbox 246 2241 1270 2317; baseline -0.005 -17"><span class='ocrx_word' id='word_1_122' title='bbox 246 2249 309 2300; x_wconf 77' lang='lat' dir='ltr'>de</span> <span class='ocrx_word' id='word_1_123' title='bbox 337 2249 471 2301; x_wconf 76' lang='lat' dir='ltr'>Jules</span> <span class='ocrx_word' id='word_1_124' title='bbox 497 2247 647 2301; x_wconf 75' lang='lat' dir='ltr'>Cesar·</span> <span class='ocrx_word' id='word_1_125' title='bbox 668 2248 789 2298; x_wconf 80' lang='lat' dir='ltr'>dans</span> <span class='ocrx_word' id='word_1_126' title='bbox 814 2247 879 2299; x_wconf 84' lang='lat' dir='ltr'>les</span> <span class='ocrx_word' id='word_1_127' title='bbox 900 2246 1125 2301; x_wconf 78' lang='lat' dir='ltr'>Gaules:</span> <span class='ocrx_word' id='word_1_128' title='bbox 1149 2241 1270 2317; x_wconf 78' lang='lat' dir='ltr'>(par</span> 
     </span>
     <span class='ocr_line' id='line_1_23' title="bbox 245 2324 1263 2397; baseline -0.005 -15"><span class='ocrx_word' id='word_1_129' title='bbox 245 2328 326 2382; x_wconf 70' lang='grc' dir='ltr'>Π.</span> <span class='ocrx_word' id='word_1_130' title='bbox 359 2329 418 2380; x_wconf 80' lang='lat' dir='ltr'>de</span> <span class='ocrx_word' id='word_1_131' title='bbox 447 2330 542 2380; x_wconf 86' lang='lat' dir='ltr'>Pe&#39;c</span> <span class='ocrx_word' id='word_1_132' title='bbox 562 2324 647 2390; x_wconf 80' lang='lat' dir='ltr'>s,)</span> <span class='ocrx_word' id='word_1_133' title='bbox 673 2328 850 2379; x_wconf 78' lang='lat' dir='ltr'>Parme</span> <span class='ocrx_word' id='word_1_134' title='bbox 861 2331 1031 2397; x_wconf 55' lang='lat' dir='ltr'>,impu</span> <span class='ocrx_word' id='word_1_135' title='bbox 1066 2346 1142 2397; x_wconf 70' lang='lat' dir='ltr'>roy</span> <span class='ocrx_word' id='word_1_136' title='bbox 1145 2326 1263 2389; x_wconf 83' lang='lat' dir='ltr'>·,ale</span> 
     </span>
     <span class='ocr_line' id='line_1_24' title="bbox 254 2395 1265 2498; baseline -0.004 -37"><span class='ocrx_word' id='word_1_137' title='bbox 254 2412 433 2478; x_wconf 83' lang='lat'>1788,</span> <span class='ocrx_word' id='word_1_138' title='bbox 467 2410 496 2461; x_wconf 87' lang='grc'>3</span> <span class='ocrx_word' id='word_1_139' title='bbox 546 2408 635 2460; x_wconf 72' lang='lat' dir='ltr'>ool.</span> <span class='ocrx_word' id='word_1_140' title='bbox 682 2411 757 2458; x_wconf 81' lang='lat' dir='ltr'>in·</span> <span class='ocrx_word' id='word_1_141' title='bbox 734 2395 831 2460; x_wconf 74' lang='lat'>-08</span> <span class='ocrx_word' id='word_1_142' title='bbox 851 2425 1009 2477; x_wconf 85' lang='lat' dir='ltr'>;qua</span> <span class='ocrx_word' id='word_1_143' title='bbox 1046 2418 1265 2498; x_wconf 83' lang='lat' dir='ltr'>propter</span> 
     </span>
     <span class='ocr_line' id='line_1_25' title="bbox 244 2486 1269 2579; baseline -0.004 -38"><span class='ocrx_word' id='word_1_144' title='bbox 244 2489 405 2558; x_wconf 77' lang='lat' dir='ltr'>hujus</span> <span class='ocrx_word' id='word_1_145' title='bbox 428 2500 579 2540; x_wconf 84' lang='lat' dir='ltr'>notas</span> <span class='ocrx_word' id='word_1_146' title='bbox 611 2488 669 2538; x_wconf 88' lang='lat' dir='ltr'>in</span> <span class='ocrx_word' id='word_1_147' title='bbox 705 2487 881 2579; x_wconf 79' lang='lat' dir='ltr'>operis</span> <span class='ocrx_word' id='word_1_148' title='bbox 904 2486 1071 2538; x_wconf 84' lang='lat' dir='ltr'>nostri</span> <span class='ocrx_word' id='word_1_149' title='bbox 1100 2486 1269 2537; x_wconf 86' lang='lat' dir='ltr'>curri·</span> 
     </span>
     <span class='ocr_line' id='line_1_26' title="bbox 248 2566 1270 2622; baseline -0.004 0"><span class='ocrx_word' id='word_1_150' title='bbox 248 2568 370 2622; x_wconf 88' lang='lat' dir='ltr'>culo</span> <span class='ocrx_word' id='word_1_151' title='bbox 400 2581 554 2622; x_wconf 86' lang='lat' dir='ltr'>testes</span> <span class='ocrx_word' id='word_1_152' title='bbox 579 2586 691 2619; x_wconf 87' lang='lat' dir='ltr'>non</span> <span class='ocrx_word' id='word_1_153' title='bbox 729 2566 1009 2619; x_wconf 81' lang='lat' dir='ltr'>invocavi:</span> <span class='ocrx_word' id='word_1_154' title='bbox 1042 2578 1270 2619; x_wconf 82' lang='lat' dir='ltr'>attamen</span> 
     </span>
     <span class='ocr_line' id='line_1_27' title="bbox 253 2643 1272 2718; baseline -0.004 -17"><span class='ocrx_word' id='word_1_155' title='bbox 253 2649 494 2701; x_wconf 82' lang='lat' dir='ltr'>hocloco</span> <span class='ocrx_word' id='word_1_156' title='bbox 517 2646 585 2699; x_wconf 91' lang='lat' dir='ltr'>de</span> <span class='ocrx_word' id='word_1_157' title='bbox 608 2647 791 2698; x_wconf 76' lang='lat' dir='ltr'>Alesiae</span> <span class='ocrx_word' id='word_1_158' title='bbox 806 2643 1081 2698; x_wconf 85' lang='lat' dir='ltr'>obsidione</span> <span class='ocrx_word' id='word_1_159' title='bbox 1107 2664 1272 2718; x_wconf 83' lang='lat' dir='ltr'>pauca</span> 
     </span>
     <span class='ocr_line' id='line_1_28' title="bbox 251 2724 1273 2796; baseline -0.005 -15"><span class='ocrx_word' id='word_1_160' title='bbox 251 2730 480 2781; x_wconf 86' lang='lat' dir='ltr'>inseram</span> <span class='ocrx_word' id='word_1_161' title='bbox 496 2747 558 2779; x_wconf 86' lang='lat' dir='ltr'>ex</span> <span class='ocrx_word' id='word_1_162' title='bbox 584 2745 647 2778; x_wconf 87' lang='lat' dir='ltr'>eo</span> <span class='ocrx_word' id='word_1_163' title='bbox 667 2727 783 2777; x_wconf 83' lang='lat' dir='ltr'>viro</span> <span class='ocrx_word' id='word_1_164' title='bbox 804 2726 1123 2796; x_wconf 71' lang='lat' dir='ltr'>caeteroquin</span> <span class='ocrx_word' id='word_1_165' title='bbox 1150 2724 1273 2777; x_wconf 85' lang='lat' dir='ltr'>doc-</span> 
     </span>
     <span class='ocr_line' id='line_1_29' title="bbox 250 2804 1273 2873; baseline -0.005 -12"><span class='ocrx_word' id='word_1_166' title='bbox 250 2808 455 2861; x_wconf 73' lang='lat' dir='ltr'>tissime</span> <span class='ocrx_word' id='word_1_167' title='bbox 469 2846 486 2873; x_wconf 94' lang='lat'>,</span> <span class='ocrx_word' id='word_1_168' title='bbox 510 2804 601 2860; x_wconf 69' lang='lat' dir='ltr'>sed</span> <span class='ocrx_word' id='word_1_169' title='bbox 619 2808 675 2859; x_wconf 86' lang='lat' dir='ltr'>in</span> <span class='ocrx_word' id='word_1_170' title='bbox 703 2807 963 2859; x_wconf 48' lang='lat' dir='ltr'>Cursarem</span> <span class='ocrx_word' id='word_1_171' title='bbox 986 2805 1273 2858; x_wconf 82' lang='lat' dir='ltr'>infensissi-</span> 
     </span>
     <span class='ocr_line' id='line_1_30' title="bbox 252 2884 1273 2959; baseline -0.005 -19"><span class='ocrx_word' id='word_1_172' title='bbox 252 2906 363 2953; x_wconf 83' lang='lat' dir='ltr'>mo,</span> <span class='ocrx_word' id='word_1_173' title='bbox 376 2887 445 2940; x_wconf 92' lang='lat' dir='ltr'>de</span> <span class='ocrx_word' id='word_1_174' title='bbox 461 2906 566 2958; x_wconf 85' lang='lat' dir='ltr'>quo</span> <span class='ocrx_word' id='word_1_175' title='bbox 578 2887 731 2959; x_wconf 77' lang='lat' dir='ltr'>plura</span> <span class='ocrx_word' id='word_1_176' title='bbox 748 2903 1041 2938; x_wconf 76' lang='lat' dir='ltr'>memorare</span> <span class='ocrx_word' id='word_1_177' title='bbox 1055 2884 1273 2937; x_wconf 78' lang='lat' dir='ltr'>forsitan</span> 
     </span>
     <span class='ocr_line' id='line_1_31' title="bbox 252 2964 1270 3035; baseline -0.005 -15"><span class='ocrx_word' id='word_1_178' title='bbox 252 2965 435 3020; x_wconf 81' lang='lat' dir='ltr'>licebit</span> <span class='ocrx_word' id='word_1_179' title='bbox 457 2966 525 3019; x_wconf 86' lang='lat' dir='ltr'>ad</span> <span class='ocrx_word' id='word_1_180' title='bbox 540 2967 734 3019; x_wconf 83' lang='lat' dir='ltr'>calcem</span> <span class='ocrx_word' id='word_1_181' title='bbox 751 2965 917 3017; x_wconf 79' lang='lat' dir='ltr'>nostri</span> <span class='ocrx_word' id='word_1_182' title='bbox 936 2964 1111 3035; x_wconf 87' lang='lat' dir='ltr'>operis</span> <span class='ocrx_word' id='word_1_183' title='bbox 1125 2977 1162 3015; x_wconf 86' lang='lat' dir='ltr'>t.</span> <span class='ocrx_word' id='word_1_184' title='bbox 1182 2981 1270 3016; x_wconf 85' lang='lat'>111.</span> 
     </span>
    </p>

    <p class='ocr_par' dir='ltr' id='par_1_14' title="bbox 256 3044 1288 3911">
     <span class='ocr_line' id='line_1_32' title="bbox 337 3044 1276 3106; baseline -0.004 -7"><span class='ocrx_word' id='word_1_185' title='bbox 337 3048 506 3099; x_wconf 85' lang='lat' dir='ltr'>Porro</span> <span class='ocrx_word' id='word_1_186' title='bbox 540 3048 620 3099; x_wconf 86' lang='lat' dir='ltr'>cl.</span> <span class='ocrx_word' id='word_1_187' title='bbox 650 3046 733 3097; x_wconf 84' lang='lat' dir='ltr'>vir</span> <span class='ocrx_word' id='word_1_188' title='bbox 757 3045 815 3096; x_wconf 80' lang='lat' dir='ltr'>de</span> <span class='ocrx_word' id='word_1_189' title='bbox 832 3045 904 3096; x_wconf 84' lang='lat' dir='ltr'>Pe</span> <span class='ocrx_word' id='word_1_190' title='bbox 900 3047 993 3106; x_wconf 58' lang='lat' dir='ltr'>bis,</span> <span class='ocrx_word' id='word_1_191' title='bbox 1025 3044 1080 3095; x_wconf 88' lang='lat' dir='ltr'>in</span> <span class='ocrx_word' id='word_1_192' title='bbox 1099 3044 1276 3096; x_wconf 84' lang='lat' dir='ltr'>tabula</span> 
     </span>
     <span class='ocr_line' id='line_1_33' title="bbox 256 3084 1277 3199; baseline -0.006 -19"><span class='ocrx_word' id='word_1_193' title='bbox 256 3144 420 3199; x_wconf 79' lang='lat' dir='ltr'>quam</span> <span class='ocrx_word' id='word_1_194' title='bbox 438 3124 587 3179; x_wconf 82' lang='lat' dir='ltr'>dedit</span> <span class='ocrx_word' id='word_1_195' title='bbox 606 3124 673 3178; x_wconf 88' lang='lat' dir='ltr'>de</span> <span class='ocrx_word' id='word_1_196' title='bbox 699 3126 797 3177; x_wconf 79' lang='lat' dir='ltr'>hac</span> <span class='ocrx_word' id='word_1_197' title='bbox 821 3084 1096 3178; x_wconf 73' lang='lat' dir='ltr'>obsidione</span> <span class='ocrx_word' id='word_1_198' title='bbox 1120 3140 1277 3193; x_wconf 83' lang='lat' dir='ltr'>snpra</span> 
     </span>
     <span class='ocr_line' id='line_1_34' title="bbox 256 3204 1276 3278; baseline -0.005 -19"><span class='ocrx_word' id='word_1_199' title='bbox 256 3206 430 3272; x_wconf 79' lang='lat' dir='ltr'>dicta,</span> <span class='ocrx_word' id='word_1_200' title='bbox 470 3206 707 3278; x_wconf 86' lang='lat' dir='ltr'>apprime</span> <span class='ocrx_word' id='word_1_201' title='bbox 734 3204 912 3259; x_wconf 78' lang='lat' dir='ltr'>multis</span> <span class='ocrx_word' id='word_1_202' title='bbox 950 3205 1004 3256; x_wconf 88' lang='lat' dir='ltr'>in</span> <span class='ocrx_word' id='word_1_203' title='bbox 1050 3205 1276 3255; x_wconf 87' lang='lat' dir='ltr'>circum·</span> 
     </span>
     <span class='ocr_line' id='line_1_35' title="bbox 257 3271 1278 3340; baseline -0.007 0"><span class='ocrx_word' id='word_1_204' title='bbox 257 3287 463 3340; x_wconf 81' lang='lat' dir='ltr'>stantiis</span> <span class='ocrx_word' id='word_1_205' title='bbox 485 3286 761 3338; x_wconf 88' lang='lat' dir='ltr'>nobiscum</span> <span class='ocrx_word' id='word_1_206' title='bbox 785 3284 1065 3336; x_wconf 77' lang='lat' dir='ltr'>consentit.</span> <span class='ocrx_word' id='word_1_207' title='bbox 1081 3301 1102 3334; x_wconf 88' lang='lat'>1</span> <span class='ocrx_word' id='word_1_208' title='bbox 1112 3271 1278 3334; x_wconf 82' lang='grc' dir='ltr'>ο·1”·“οι</span> 
     </span>
     <span class='ocr_line' id='line_1_36' title="bbox 259 3361 1278 3437; baseline -0.007 -17"><span class='ocrx_word' id='word_1_209' title='bbox 259 3385 371 3420; x_wconf 83' lang='lat' dir='ltr'>sam</span> <span class='ocrx_word' id='word_1_210' title='bbox 398 3367 629 3437; x_wconf 85' lang='lat' dir='ltr'>priorem</span> <span class='ocrx_word' id='word_1_211' title='bbox 656 3365 816 3417; x_wconf 83' lang='lat' dir='ltr'>habet</span> <span class='ocrx_word' id='word_1_212' title='bbox 845 3382 914 3415; x_wconf 83' lang='lat' dir='ltr'>xx</span> <span class='ocrx_word' id='word_1_213' title='bbox 942 3361 1064 3434; x_wconf 85' lang='lat' dir='ltr'>ped.</span> <span class='ocrx_word' id='word_1_214' title='bbox 1095 3362 1278 3426; x_wconf 80' lang='lat' dir='ltr'>latam,</span> 
     </span>
     <span class='ocr_line' id='line_1_37' title="bbox 260 3445 803 3538; baseline -0.011 -38"><span class='ocrx_word' id='word_1_215' title='bbox 260 3459 316 3500; x_wconf 82' lang='lat' dir='ltr'>et</span> <span class='ocrx_word' id='word_1_216' title='bbox 330 3463 401 3499; x_wconf 80' lang='lat' dir='ltr'>cn</span> <span class='ocrx_word' id='word_1_217' title='bbox 422 3445 670 3538; x_wconf 64' lang='lat' dir='ltr'>pedibus,</span> <span class='ocrx_word' id='word_1_218' title='bbox 695 3462 803 3495; x_wconf 88' lang='lat' dir='ltr'>non</span> 
     </span>
     <span class='ocr_line' id='line_1_38' title="bbox 263 3511 1282 3589; baseline -0.007 -10"><span class='ocrx_word' id='word_1_219' title='bbox 263 3538 371 3579; x_wconf 88' lang='lat' dir='ltr'>tem</span> <span class='ocrx_word' id='word_1_220' title='bbox 389 3545 418 3578; x_wconf 79' lang='lat' dir='ltr'>a</span> <span class='ocrx_word' id='word_1_221' title='bbox 444 3524 776 3589; x_wconf 83' lang='lat' dir='ltr'>munitione;</span> <span class='ocrx_word' id='word_1_222' title='bbox 801 3543 828 3575; x_wconf 82' lang='lat'>2</span> <span class='ocrx_word' id='word_1_223' title='bbox 877 3523 1122 3582; x_wconf 57' lang='lat' dir='ltr'>stimulam</span> <span class='ocrx_word' id='word_1_224' title='bbox 1143 3511 1200 3573; x_wconf 82' lang='lat'>3⁰</span> <span class='ocrx_word' id='word_1_225' title='bbox 1222 3521 1282 3572; x_wconf 66' lang='lat' dir='ltr'>la·-</span> 
     </span>
     <span class='ocr_line' id='line_1_39' title="bbox 261 3595 1285 3676; baseline -0.007 -18"><span class='ocrx_word' id='word_1_226' title='bbox 261 3607 361 3668; x_wconf 69' lang='lat' dir='ltr'>Ba·</span> <span class='ocrx_word' id='word_1_227' title='bbox 390 3595 449 3669; x_wconf 71' lang='lat'>4⁰</span> <span class='ocrx_word' id='word_1_228' title='bbox 472 3609 649 3676; x_wconf 80' lang='lat' dir='ltr'>cippos.</span> <span class='ocrx_word' id='word_1_229' title='bbox 672 3604 778 3655; x_wconf 82' lang='lat' dir='ltr'>Eos</span> <span class='ocrx_word' id='word_1_230' title='bbox 805 3621 930 3654; x_wconf 82' lang='lat' dir='ltr'>vero</span> <span class='ocrx_word' id='word_1_231' title='bbox 950 3613 1285 3672; x_wconf 75' lang='lat' dir='ltr'>reproesentat</span> 
     </span>
     <span class='ocr_line' id='line_1_40' title="bbox 264 3679 1286 3754; baseline -0.008 -16"><span class='ocrx_word' id='word_1_232' title='bbox 264 3705 374 3738; x_wconf 89' lang='lat' dir='ltr'>non</span> <span class='ocrx_word' id='word_1_233' title='bbox 424 3685 502 3737; x_wconf 86' lang='lat' dir='ltr'>uti</span> <span class='ocrx_word' id='word_1_234' title='bbox 558 3682 848 3754; x_wconf 77' lang='lat' dir='ltr'>simplicem</span> <span class='ocrx_word' id='word_1_235' title='bbox 897 3679 1157 3751; x_wconf 85' lang='lat' dir='ltr'>dejectum</span> <span class='ocrx_word' id='word_1_236' title='bbox 1209 3698 1286 3730; x_wconf 82' lang='lat' dir='ltr'>ar·</span> 
     </span>
     <span class='ocr_line' id='line_1_41' title="bbox 263 3758 1288 3833; baseline -0.008 -15"><span class='ocrx_word' id='word_1_237' title='bbox 263 3765 485 3828; x_wconf 74' lang='grc' dir='ltr'><strong>Ιιοπιιιι,</strong></span> <span class='ocrx_word' id='word_1_238' title='bbox 512 3761 605 3817; x_wconf 90' lang='lat' dir='ltr'>sed</span> <span class='ocrx_word' id='word_1_239' title='bbox 634 3763 784 3815; x_wconf 77' lang='lat' dir='ltr'>velut</span> <span class='ocrx_word' id='word_1_240' title='bbox 813 3761 1051 3833; x_wconf 85' lang='lat' dir='ltr'>quinque</span> <span class='ocrx_word' id='word_1_241' title='bbox 1074 3758 1288 3811; x_wconf 83' lang='lat' dir='ltr'>ordines</span> 
     </span>
     <span class='ocr_line' id='line_1_42' title="bbox 266 3839 1288 3911; baseline -0.01 -10"><span class='ocrx_word' id='word_1_242' title='bbox 266 3857 579 3902; x_wconf 51' lang='lat' dir='ltr'>&amp;uncorum</span> <span class='ocrx_word' id='word_1_243' title='bbox 623 3860 745 3896; x_wconf 82' lang='lat' dir='ltr'>cum</span> <span class='ocrx_word' id='word_1_244' title='bbox 799 3841 956 3894; x_wconf 81' lang='lat' dir='ltr'>ramis</span> <span class='ocrx_word' id='word_1_245' title='bbox 1013 3839 1288 3911; x_wconf 70' lang='lat' dir='ltr'>praeacutis</span> 
     </span>
    </p>
   </div>
   <div class='ocr_carea' id='block_1_13' title="bbox 952 3440 1286 3495">
    <p class='ocr_par' dir='ltr' id='par_1_15' title="bbox 952 3440 1286 3495">
     <span class='ocr_line' id='line_1_43' title="bbox 952 3440 1286 3495; baseline -0.003 -0.953"><span class='ocrx_word' id='word_1_246' title='bbox 952 3443 1065 3495; x_wconf 80' lang='lat' dir='ltr'>&#39;bus</span> <span class='ocrx_word' id='word_1_247' title='bbox 1089 3440 1286 3493; x_wconf 80' lang='lat' dir='ltr'>distan-</span> 
     </span>
    </p>
   </div>
   <div class='ocr_carea' id='block_1_14' title="bbox 1351 2085 2389 3830">
    <p class='ocr_par' dir='ltr' id='par_1_16' title="bbox 1351 2085 2389 3830">
     <span class='ocr_line' id='line_1_44' title="bbox 1351 2085 2373 2163; baseline 0.007 -24"><span class='ocrx_word' id='word_1_248' title='bbox 1351 2100 1406 2140; x_wconf 90' lang='lat' dir='ltr'>et</span> <span class='ocrx_word' id='word_1_249' title='bbox 1451 2085 1747 2152; x_wconf 76' lang='lat' dir='ltr'>delibratis,</span> <span class='ocrx_word' id='word_1_250' title='bbox 1783 2091 1840 2142; x_wconf 89' lang='lat' dir='ltr'>in</span> <span class='ocrx_word' id='word_1_251' title='bbox 1883 2091 2016 2143; x_wconf 80' lang='lat' dir='ltr'>fossa</span> <span class='ocrx_word' id='word_1_252' title='bbox 2055 2110 2090 2142; x_wconf 80' lang='lat' dir='ltr'>v</span> <span class='ocrx_word' id='word_1_253' title='bbox 2118 2091 2241 2163; x_wconf 88' lang='lat' dir='ltr'>ped.</span> <span class='ocrx_word' id='word_1_254' title='bbox 2272 2094 2373 2146; x_wconf 82' lang='lat' dir='ltr'>lata</span> 
     </span>
     <span class='ocr_line' id='line_1_45' title="bbox 1353 2162 2375 2229; baseline 0.007 -11"><span class='ocrx_word' id='word_1_255' title='bbox 1353 2162 1574 2229; x_wconf 82' lang='lat' dir='ltr'>infixos,</span> <span class='ocrx_word' id='word_1_256' title='bbox 1609 2168 1683 2221; x_wconf 85' lang='lat' dir='ltr'>ita</span> <span class='ocrx_word' id='word_1_257' title='bbox 1714 2181 1774 2221; x_wconf 86' lang='grc' dir='ltr'>ιιι</span> <span class='ocrx_word' id='word_1_258' title='bbox 1814 2171 1948 2221; x_wconf 81' lang='lat' dir='ltr'>rami</span> <span class='ocrx_word' id='word_1_259' title='bbox 1987 2170 2139 2223; x_wconf 80' lang='lat' dir='ltr'>altius</span> <span class='ocrx_word' id='word_1_260' title='bbox 2176 2172 2375 2225; x_wconf 87' lang='lat' dir='ltr'>emine·</span> 
     </span>
     <span class='ocr_line' id='line_1_46' title="bbox 1352 2246 2377 2317; baseline 0.006 -19"><span class='ocrx_word' id='word_1_261' title='bbox 1352 2260 1501 2311; x_wconf 84' lang='lat' dir='ltr'>rent,</span> <span class='ocrx_word' id='word_1_262' title='bbox 1517 2246 1807 2300; x_wconf 87' lang='lat' dir='ltr'>inmodum</span> <span class='ocrx_word' id='word_1_263' title='bbox 1824 2247 2016 2302; x_wconf 68' lang='lat' dir='ltr'>codun</span> <span class='ocrx_word' id='word_1_264' title='bbox 2028 2251 2187 2304; x_wconf 67' lang='lat' dir='ltr'>silvo.</span> <span class='ocrx_word' id='word_1_265' title='bbox 2203 2253 2377 2317; x_wconf 86' lang='lat' dir='ltr'>Quam</span> 
     </span>
     <span class='ocr_line' id='line_1_47' title="bbox 1355 2285 2376 2383; baseline 0.006 -6"><span class='ocrx_word' id='word_1_266' title='bbox 1355 2326 1423 2378; x_wconf 88' lang='lat' dir='ltr'>sit</span> <span class='ocrx_word' id='word_1_267' title='bbox 1464 2285 1735 2379; x_wconf 79' lang='lat' dir='ltr'>iiifirmum</span> <span class='ocrx_word' id='word_1_268' title='bbox 1777 2340 1831 2381; x_wconf 87' lang='lat' dir='ltr'>et</span> <span class='ocrx_word' id='word_1_269' title='bbox 1860 2347 1889 2381; x_wconf 78' lang='lat' dir='ltr'>a</span> <span class='ocrx_word' id='word_1_270' title='bbox 1919 2330 2123 2382; x_wconf 80' lang='lat' dir='ltr'>ratione</span> <span class='ocrx_word' id='word_1_271' title='bbox 2161 2330 2376 2383; x_wconf 80' lang='lat' dir='ltr'>militari</span> 
     </span>
     <span class='ocr_line' id='line_1_48' title="bbox 1355 2404 2373 2481; baseline 0.006 -24"><span class='ocrx_word' id='word_1_272' title='bbox 1355 2406 1644 2459; x_wconf 81' lang='lat' dir='ltr'>abhorrens</span> <span class='ocrx_word' id='word_1_273' title='bbox 1671 2404 1811 2460; x_wconf 83' lang='lat' dir='ltr'>istud</span> <span class='ocrx_word' id='word_1_274' title='bbox 1829 2427 1992 2478; x_wconf 79' lang='lat' dir='ltr'>genus</span> <span class='ocrx_word' id='word_1_275' title='bbox 2012 2407 2373 2481; x_wconf 84' lang='lat' dir='ltr'>impedimenti</span> 
     </span>
     <span class='ocr_line' id='line_1_49' title="bbox 1353 2483 2378 2557; baseline 0.006 -21"><span class='ocrx_word' id='word_1_276' title='bbox 1353 2498 1474 2557; x_wconf 87' lang='lat' dir='ltr'>post</span> <span class='ocrx_word' id='word_1_277' title='bbox 1514 2483 1624 2537; x_wconf 84' lang='lat' dir='ltr'>dno</span> <span class='ocrx_word' id='word_1_278' title='bbox 1664 2487 1874 2557; x_wconf 85' lang='lat' dir='ltr'>priora,</span> <span class='ocrx_word' id='word_1_279' title='bbox 1904 2486 2378 2542; x_wconf 82' lang='lat' dir='ltr'>demonstravimus</span> 
     </span>
     <span class='ocr_line' id='line_1_50' title="bbox 1356 2558 2379 2637; baseline 0.006 -20"><span class='ocrx_word' id='word_1_280' title='bbox 1356 2584 1468 2637; x_wconf 86' lang='lat' dir='ltr'>cap.</span> <span class='ocrx_word' id='word_1_281' title='bbox 1505 2566 1614 2635; x_wconf 85' lang='lat'>73,</span> <span class='ocrx_word' id='word_1_282' title='bbox 1650 2581 1762 2622; x_wconf 87' lang='lat' dir='ltr'>not.</span> <span class='ocrx_word' id='word_1_283' title='bbox 1802 2586 1902 2631; x_wconf 75' lang='grc' dir='ltr'>ιις</span> <span class='ocrx_word' id='word_1_284' title='bbox 1938 2558 1995 2621; x_wconf 86' lang='lat'>5⁰</span> <span class='ocrx_word' id='word_1_285' title='bbox 2036 2568 2251 2622; x_wconf 77' lang='lat' dir='ltr'>alteram</span> <span class='ocrx_word' id='word_1_286' title='bbox 2279 2570 2379 2624; x_wconf 83' lang='lat' dir='ltr'>fos-</span> 
     </span>
     <span class='ocr_line' id='line_1_51' title="bbox 1357 2644 2378 2721; baseline 0.006 -24"><span class='ocrx_word' id='word_1_287' title='bbox 1357 2664 1465 2697; x_wconf 86' lang='lat' dir='ltr'>sam</span> <span class='ocrx_word' id='word_1_288' title='bbox 1510 2666 1578 2698; x_wconf 81' lang='lat' dir='ltr'>xv</span> <span class='ocrx_word' id='word_1_289' title='bbox 1618 2644 1742 2718; x_wconf 91' lang='lat' dir='ltr'>ped.</span> <span class='ocrx_word' id='word_1_290' title='bbox 1786 2647 2109 2719; x_wconf 82' lang='lat' dir='ltr'>profundam</span> <span class='ocrx_word' id='word_1_291' title='bbox 2150 2662 2202 2702; x_wconf 87' lang='lat' dir='ltr'>et</span> <span class='ocrx_word' id='word_1_292' title='bbox 2232 2651 2378 2721; x_wconf 79' lang='lat' dir='ltr'>aquis</span> 
     </span>
     <span class='ocr_line' id='line_1_52' title="bbox 1356 2726 2377 2797; baseline 0.006 -21"><span class='ocrx_word' id='word_1_293' title='bbox 1356 2726 1637 2796; x_wconf 81' lang='lat' dir='ltr'>repletam,</span> <span class='ocrx_word' id='word_1_294' title='bbox 1667 2745 1826 2797; x_wconf 84' lang='lat' dir='ltr'>quam</span> <span class='ocrx_word' id='word_1_295' title='bbox 1856 2729 2175 2781; x_wconf 81' lang='lat' dir='ltr'>contrariam</span> <span class='ocrx_word' id='word_1_296' title='bbox 2203 2742 2377 2782; x_wconf 83' lang='lat' dir='ltr'>osten·</span> 
     </span>
     <span class='ocr_line' id='line_1_53' title="bbox 1359 2798 2375 2876; baseline 0.004 -20"><span class='ocrx_word' id='word_1_297' title='bbox 1359 2802 1533 2857; x_wconf 86' lang='lat' dir='ltr'>dimus</span> <span class='ocrx_word' id='word_1_298' title='bbox 1549 2823 1665 2876; x_wconf 84' lang='lat' dir='ltr'>cap.</span> <span class='ocrx_word' id='word_1_299' title='bbox 1702 2825 1805 2875; x_wconf 75' lang='lat'>72,</span> <span class='ocrx_word' id='word_1_300' title='bbox 1822 2818 1934 2860; x_wconf 87' lang='lat' dir='ltr'>not.</span> <span class='ocrx_word' id='word_1_301' title='bbox 1960 2826 2055 2874; x_wconf 91' lang='grc' dir='ltr'>ιο,</span> <span class='ocrx_word' id='word_1_302' title='bbox 2084 2798 2144 2862; x_wconf 84' lang='lat'>6⁰</span> <span class='ocrx_word' id='word_1_303' title='bbox 2171 2810 2375 2862; x_wconf 84' lang='lat' dir='ltr'>tertiam</span> 
     </span>
     <span class='ocr_line' id='line_1_54' title="bbox 1358 2884 2378 2979; baseline 0.005 -44"><span class='ocrx_word' id='word_1_304' title='bbox 1358 2884 1580 2937; x_wconf 79' lang='lat' dir='ltr'>fossam</span> <span class='ocrx_word' id='word_1_305' title='bbox 1566 2897 1692 2937; x_wconf 76' lang='lat' dir='ltr'>item</span> <span class='ocrx_word' id='word_1_306' title='bbox 1709 2884 1907 2955; x_wconf 76' lang='lat' dir='ltr'>xvped.</span> <span class='ocrx_word' id='word_1_307' title='bbox 1922 2888 2378 2979; x_wconf 79' lang='lat' dir='ltr'>valloproximam,</span> 
     </span>
     <span class='ocr_line' id='line_1_55' title="bbox 1360 2955 2382 3039; baseline 0.004 -23"><span class='ocrx_word' id='word_1_308' title='bbox 1360 2977 1415 3016; x_wconf 84' lang='lat' dir='ltr'>et</span> <span class='ocrx_word' id='word_1_309' title='bbox 1430 2963 1577 3035; x_wconf 84' lang='lat' dir='ltr'>aquis</span> <span class='ocrx_word' id='word_1_310' title='bbox 1589 2961 1912 3029; x_wconf 85' lang='lat' dir='ltr'>destitutam,</span> <span class='ocrx_word' id='word_1_311' title='bbox 1929 2984 1959 3035; x_wconf 93' lang='lat'>7</span> <span class='ocrx_word' id='word_1_312' title='bbox 1964 2955 2195 3019; x_wconf 66' lang='lat' dir='ltr'>”vallum</span> <span class='ocrx_word' id='word_1_313' title='bbox 2204 2986 2382 3039; x_wconf 80' lang='lat' dir='ltr'>,agge-</span> 
     </span>
     <span class='ocr_line' id='line_1_56' title="bbox 1361 3043 2379 3117; baseline 0.003 -22"><span class='ocrx_word' id='word_1_314' title='bbox 1361 3062 1503 3106; x_wconf 88' lang='lat' dir='ltr'>rem,</span> <span class='ocrx_word' id='word_1_315' title='bbox 1528 3043 1750 3105; x_wconf 84' lang='lat' dir='ltr'>loricas,</span> <span class='ocrx_word' id='word_1_316' title='bbox 1775 3062 1956 3096; x_wconf 82' lang='lat' dir='ltr'>cervos</span> <span class='ocrx_word' id='word_1_317' title='bbox 1982 3058 2032 3097; x_wconf 88' lang='lat' dir='ltr'>et</span> <span class='ocrx_word' id='word_1_318' title='bbox 2060 3046 2276 3117; x_wconf 81' lang='lat' dir='ltr'>pinnas,</span> <span class='ocrx_word' id='word_1_319' title='bbox 2304 3048 2379 3098; x_wconf 87' lang='lat' dir='ltr'>uti</span> 
     </span>
     <span class='ocr_line' id='line_1_57' title="bbox 1363 3121 2378 3193; baseline 0.003 -19"><span class='ocrx_word' id='word_1_320' title='bbox 1363 3141 1484 3185; x_wconf 85' lang='lat' dir='ltr'>nos,</span> <span class='ocrx_word' id='word_1_321' title='bbox 1504 3121 1690 3187; x_wconf 59' lang='lat' dir='ltr'>haben</span> <span class='ocrx_word' id='word_1_322' title='bbox 1716 3122 1818 3175; x_wconf 88' lang='lat' dir='ltr'>nisi</span> <span class='ocrx_word' id='word_1_323' title='bbox 1842 3121 1988 3193; x_wconf 85' lang='lat' dir='ltr'>qnod</span> <span class='ocrx_word' id='word_1_324' title='bbox 2009 3124 2128 3176; x_wconf 87' lang='lat' dir='ltr'>loco</span> <span class='ocrx_word' id='word_1_325' title='bbox 2154 3126 2378 3177; x_wconf 86' lang='lat' dir='ltr'>turrium</span> 
     </span>
     <span class='ocr_line' id='line_1_58' title="bbox 1364 3200 2385 3274; baseline 0.003 -21"><span class='ocrx_word' id='word_1_326' title='bbox 1364 3200 1739 3273; x_wconf 63' lang='lat' dir='ltr'>quadratorum</span> <span class='ocrx_word' id='word_1_327' title='bbox 1750 3201 2005 3256; x_wconf 85' lang='lat' dir='ltr'>rotundas</span> <span class='ocrx_word' id='word_1_328' title='bbox 2013 3203 2385 3274; x_wconf 66' lang='lat' dir='ltr'>effingatPi-n-</span> 
     </span>
     <span class='ocr_line' id='line_1_59' title="bbox 1365 3281 2381 3354; baseline 0.003 -21"><span class='ocrx_word' id='word_1_329' title='bbox 1365 3295 1506 3334; x_wconf 86' lang='lat' dir='ltr'>terea</span> <span class='ocrx_word' id='word_1_330' title='bbox 1535 3281 1724 3334; x_wconf 85' lang='lat' dir='ltr'>fossam</span> <span class='ocrx_word' id='word_1_331' title='bbox 1743 3282 1976 3352; x_wconf 84' lang='lat' dir='ltr'>priorem</span> <span class='ocrx_word' id='word_1_332' title='bbox 1991 3303 2058 3334; x_wconf 84' lang='lat' dir='ltr'>xx</span> <span class='ocrx_word' id='word_1_333' title='bbox 2076 3282 2198 3354; x_wconf 89' lang='lat' dir='ltr'>ped.</span> <span class='ocrx_word' id='word_1_334' title='bbox 2221 3285 2381 3336; x_wconf 68' lang='lat' dir='ltr'>latam</span> 
     </span>
     <span class='ocr_line' id='line_1_60' title="bbox 1367 3361 2382 3432; baseline 0.004 -20"><span class='ocrx_word' id='word_1_335' title='bbox 1367 3381 1476 3413; x_wconf 91' lang='lat' dir='ltr'>non</span> <span class='ocrx_word' id='word_1_336' title='bbox 1519 3361 1743 3432; x_wconf 76' lang='lat' dir='ltr'>assignat</span> <span class='ocrx_word' id='word_1_337' title='bbox 1777 3362 2059 3414; x_wconf 87' lang='lat' dir='ltr'>munitioni</span> <span class='ocrx_word' id='word_1_338' title='bbox 2103 3364 2382 3426; x_wconf 74' lang='lat' dir='ltr'>exteriori,</span> 
     </span>
     <span class='ocr_line' id='line_1_61' title="bbox 1367 3439 2384 3514; baseline 0.003 -22"><span class='ocrx_word' id='word_1_339' title='bbox 1367 3454 1419 3494; x_wconf 85' lang='lat' dir='ltr'>et</span> <span class='ocrx_word' id='word_1_340' title='bbox 1468 3439 1616 3511; x_wconf 87' lang='lat' dir='ltr'>quod</span> <span class='ocrx_word' id='word_1_341' title='bbox 1654 3460 1752 3493; x_wconf 83' lang='lat' dir='ltr'>nos</span> <span class='ocrx_word' id='word_1_342' title='bbox 1798 3460 2042 3495; x_wconf 80' lang='lat' dir='ltr'>vocamus</span> <span class='ocrx_word' id='word_1_343' title='bbox 2086 3460 2151 3493; x_wconf 82' lang='lat' dir='ltr'>ex</span> <span class='ocrx_word' id='word_1_344' title='bbox 2203 3445 2384 3514; x_wconf 71' lang='lat' dir='ltr'>Tur-pin</span> 
     </span>
     <span class='ocr_line' id='line_1_62' title="bbox 1369 3520 2386 3590; baseline 0.003 -19"><span class='ocrx_word' id='word_1_345' title='bbox 1369 3520 1428 3571; x_wconf 83' lang='lat' dir='ltr'>de</span> <span class='ocrx_word' id='word_1_346' title='bbox 1461 3522 1626 3573; x_wconf 67' lang='lat' dir='ltr'>Crisoe&#39;</span> <span class='ocrx_word' id='word_1_347' title='bbox 1638 3560 1653 3583; x_wconf 85' lang='lat'>,</span> <span class='ocrx_word' id='word_1_348' title='bbox 1704 3522 1833 3590; x_wconf 74' lang='lat' dir='ltr'>ligne</span> <span class='ocrx_word' id='word_1_349' title='bbox 1869 3522 1929 3573; x_wconf 84' lang='lat' dir='ltr'>de</span> <span class='ocrx_word' id='word_1_350' title='bbox 1967 3523 2355 3574; x_wconf 70' lang='lat' dir='ltr'>cit-convallation</span> <span class='ocrx_word' id='word_1_351' title='bbox 2369 3562 2386 3585; x_wconf 94' lang='lat'>,</span> 
     </span>
     <span class='ocr_line' id='line_1_63' title="bbox 1370 3600 2386 3671; baseline 0.002 -19"><span class='ocrx_word' id='word_1_352' title='bbox 1370 3600 1598 3671; x_wconf 79' lang='lat' dir='ltr'>appellat</span> <span class='ocrx_word' id='word_1_353' title='bbox 1609 3602 1893 3653; x_wconf 69' lang='lat' dir='ltr'>contr-evall«</span> <span class='ocrx_word' id='word_1_354' title='bbox 1899 3604 2017 3663; x_wconf 68' lang='lat' dir='ltr'>tim,-</span> <span class='ocrx_word' id='word_1_355' title='bbox 2028 3613 2079 3653; x_wconf 86' lang='lat' dir='ltr'>et</span> <span class='ocrx_word' id='word_1_356' title='bbox 2088 3601 2357 3670; x_wconf 53' lang='lat' dir='ltr'>vicessversa</span> <span class='ocrx_word' id='word_1_357' title='bbox 2372 3621 2386 3655; x_wconf 72' lang='grc' dir='ltr'><em>τ</em></span> 
     </span>
     <span class='ocr_line' id='line_1_64' title="bbox 1372 3680 2387 3750; baseline 0.002 -18"><span class='ocrx_word' id='word_1_358' title='bbox 1372 3692 1425 3732; x_wconf 84' lang='lat' dir='ltr'>at</span> <span class='ocrx_word' id='word_1_359' title='bbox 1464 3680 1612 3750; x_wconf 82' lang='lat' dir='ltr'>parvi</span> <span class='ocrx_word' id='word_1_360' title='bbox 1659 3680 1893 3733; x_wconf 85' lang='lat' dir='ltr'>interest.</span> <span class='ocrx_word' id='word_1_361' title='bbox 1943 3683 2020 3732; x_wconf 91' lang='lat' dir='ltr'>De</span> <span class='ocrx_word' id='word_1_362' title='bbox 2049 3681 2247 3733; x_wconf 69' lang='lat' dir='ltr'>caeteris</span> <span class='ocrx_word' id='word_1_363' title='bbox 2276 3681 2387 3734; x_wconf 79' lang='lat' dir='ltr'>haec</span> 
     </span>
     <span class='ocr_line' id='line_1_65' title="bbox 1372 3757 2389 3830; baseline 0.003 -20"><span class='ocrx_word' id='word_1_364' title='bbox 1372 3759 1629 3830; x_wconf 77' lang='lat' dir='ltr'>generalis</span> <span class='ocrx_word' id='word_1_365' title='bbox 1666 3759 1843 3812; x_wconf 77' lang='lat' dir='ltr'>tabula</span> <span class='ocrx_word' id='word_1_366' title='bbox 1885 3757 2174 3813; x_wconf 85' lang='lat' dir='ltr'>obsidionis</span> <span class='ocrx_word' id='word_1_367' title='bbox 2214 3774 2252 3813; x_wconf 93' lang='lat' dir='ltr'>t.</span> <span class='ocrx_word' id='word_1_368' title='bbox 2286 3779 2355 3813; x_wconf 89' lang='grc' dir='ltr'>ιιι</span> <span class='ocrx_word' id='word_1_369' title='bbox 2373 3800 2389 3823; x_wconf 90' lang='grc'>,</span> 
     </span>
    </p>
   </div>
   <div class='ocr_carea' id='block_1_15' title="bbox 1375 3839 2388 3910">
    <p class='ocr_par' dir='ltr' id='par_1_17' title="bbox 1375 3839 2388 3910">
     <span class='ocr_line' id='line_1_66' title="bbox 1375 3839 2388 3910; baseline 0.003 -20"><span class='ocrx_word' id='word_1_370' title='bbox 1375 3857 1428 3909; x_wconf 88' lang='lat' dir='ltr'>p.</span> <span class='ocrx_word' id='word_1_371' title='bbox 1462 3839 1572 3907; x_wconf 80' lang='lat'>3²7</span> <span class='ocrx_word' id='word_1_372' title='bbox 1588 3876 1604 3903; x_wconf 90' lang='lat'>,</span> <span class='ocrx_word' id='word_1_373' title='bbox 1633 3850 1712 3891; x_wconf 86' lang='lat' dir='ltr'>est</span> <span class='ocrx_word' id='word_1_374' title='bbox 1733 3852 1926 3893; x_wconf 65' lang='lat' dir='ltr'>nostra</span> <span class='ocrx_word' id='word_1_375' title='bbox 1951 3858 2164 3910; x_wconf 80' lang='lat' dir='ltr'>prorsus</span> <span class='ocrx_word' id='word_1_376' title='bbox 2188 3840 2388 3893; x_wconf 82' lang='lat' dir='ltr'>similis.</span> 
     </span>
    </p>
   </div>
  </div>
 </body>
</html>
