3111 5147
748 574 898 663 482
1511 569 1653 638 DE
1708 567 2114 637 GALLIA

745 708 892 804 ipso
915 760 935 795 ,
988 704 1311 775 exercitus
1374 701 1721 770 Romanus
1779 724 1900 795 per
1953 698 2183 767 decem
2240 720 2454 767 annos
2512 719 2851 791 nunquam
2872 750 2897 782 ,

742 815 869 884 nisi
915 815 982 881 in
1035 808 1376 881 obsidione
1424 807 1735 893 Avarici,
1786 805 1902 875 sed
1961 803 2086 873 alia
2135 805 2219 874 de
2276 827 2506 889 causa,
2552 804 2895 873 fiumento

743 920 1086 989 cibariisve
1121 918 1350 986 caruit.
1390 913 1606 999 Nihil,
1644 937 1780 982 uno
1824 911 2064 997 verbo,
2102 912 2169 980 in
2212 924 2390 981 terra
2427 908 2687 981 Gallica
2712 912 2896 979 otio-

746 1049 932 1114 sum,
976 1026 1099 1093 nisi
1138 1046 1267 1117 qua
1304 1019 1578 1116 paludes
1621 1033 1738 1087 aut
1773 1017 1953 1088 silvae
1992 1017 2362 1088 obstabant.
2401 1019 2510 1086 De
2539 1015 2685 1087 caeli
2722 1032 2895 1086 tem·

743 1134 955 1227 peric,
993 1132 1115 1199 etsi
1145 1141 1419 1223 propter
1450 1125 1797 1194 mollitiem
1825 1149 2011 1193 suam
2049 1124 2335 1193 Romani
2371 1124 2564 1192 nobis
2602 1121 2889 1194 Galliam

744 1249 1221 1332 repraesentant
1277 1231 1486 1328 glacie
1544 1246 1612 1300 et
1662 1231 1926 1299 nivibus
1988 1230 2361 1317 horridam,
2429 1228 2622 1298 aliter
2666 1244 2889 1299 tamen

738 1343 967 1437 judico
1003 1336 1025 1410 'z
1071 1364 1227 1409 nam
1264 1352 1703 1435 praeterquam
1740 1336 1921 1432 quod
1963 1339 2186 1406 Caesar
2220 1335 2303 1406 de
2347 1336 2594 1431 frigore
2631 1337 2703 1404 in
2744 1335 2889 1405 Bel·

744 1452 891 1544 gica
929 1447 1239 1544 loquens,
1289 1441 1448 1513 nihil
1491 1459 1714 1514 tamen
1767 1445 2010 1512 mirum
2048 1468 2171 1512 nec
2209 1442 2599 1512 inusitatum
2644 1444 2879 1511 nostris

742 1555 1154 1652 temporibus
1192 1552 1623 1649 pronunciat,
1659 1551 1929 1644 insuper
1976 1574 2061 1617 ne
2116 1574 2236 1644 per
2290 1548 2582 1618 hiemem
2621 1547 2875 1643 quidem

746 1687 788 1731 a
825 1660 1184 1759 praeliando
1230 1658 1619 1728 abstinebat.
1663 1658 1754 1727 At
1790 1656 2327 1746 memorandum,
2370 1655 2550 1750 quod
2583 1654 2881 1725 Julianus

745 1770 842 1837 ait
877 1772 946 1838 in
987 1770 1429 1862 Misopogone
1452 1818 1471 1853 ,
1507 1763 1797 1832 hiemem
1836 1762 1925 1832 ibi
1958 1753 2318 1851 (Parisiis)
2352 1760 2878 1858 placidissimam.

741 1875 866 1945 His
905 1873 1074 1944 adde
1118 1872 1328 1968 quod,
1383 1883 1460 1938 ut
1508 1885 1737 1939 narrat
1783 1870 2036 1957 Caesar,
2092 1868 2299 1965 frigus
2351 1869 2420 1936 in
2468 1866 2743 1964 Belgica
2784 1892 2879 1937 re-

744 1979 1052 2051 tardabat
1094 1977 1360 2072 quidem
1403 1977 1848 2045 maturitatem
1893 1974 2164 2071 frugum
2180 2028 2200 2063 ‚
2244 1972 2359 2044 sed
2394 1999 2532 2044 non
2565 1975 2879 2071 impedie-

745 2085 864 2156 bat
905 2112 919 2154 ε
977 2084 1153 2153 unde
1204 2095 1509 2179 apparet,
1555 2082 1854 2152 eamdem
1898 2081 2072 2169 fere,
2110 2106 2257 2176 quae
2304 2105 2484 2152 nunc
2508 2135 2528 2169 ,
2571 2079 2779 2150 fuisse
2818 2080 2879 2148 in

745 2190 964 2264 Gallia
1000 2190 1146 2261 coeli
1180 2190 1602 2285 temperiem,
1630 2187 1764 2259 scil.
1800 2186 2021 2257 multis
2048 2190 2116 2256 in
2141 2188 2438 2284 partibus
2460 2186 2881 2282 inaequalem3

745 2298 950 2369 modo
1001 2296 1306 2394 frigidam
1324 2350 1344 2385 ,
1384 2296 1599 2364 ventis
1645 2295 2184 2389 frequentissimis
2229 2319 2380 2364 aera
2424 2294 2849 2363 turbantibus
2867 2347 2885 2381 ‚

745 2406 1026 2475 testibus
1087 2408 1336 2474 Seneca
1388 2416 1456 2471 et
1494 2404 1572 2473 A.
1628 2399 1885 2485 Gellio;
1932 2400 2132 2471 modo
2175 2399 2452 2470 calidam
2505 2416 2575 2471 et
2618 2404 2881 2485 mitem,

745 2512 945 2607 atque
980 2508 1087 2580 vel
1132 2512 1202 2578 in
1242 2510 1437 2577 unius
1480 2507 1606 2604 diei
1656 2509 1902 2603 spatiO,
1944 2531 1984 2575 a
2027 2506 2272 2603 frigore
2309 2507 2393 2577 ad
2438 2505 2763 2596 calorem,
2796 2508 2880 2577 ab

747 2617 1028 2686 humido
1068 2615 1153 2684 ad
1195 2616 1442 2683 siccum
1481 2627 1953 2684 transeuntem.
1997 2617 2103 2684 De
2139 2613 2317 2684 silvis
2345 2640 2614 2710 quoque
2658 2630 2727 2684 et
2762 2639 2883 2710 pa-

746 2721 1010 2792 ludibus
1073 2722 1314 2820 passim
1369 2718 1661 2814 loquitur
1700 2721 1959 2808 Caesar,
1999 2746 2146 2817 quae
2202 2745 2358 2790 sane
2408 2746 2695 2790 numero
2734 2746 2879 2790 ma·

744 2828 925 2924 jores
973 2852 1113 2898 esse
1161 2842 1322 2896 tunc
1365 2825 1682 2913 debuere,
1723 2841 1793 2895 at
1838 2852 1975 2896 non
2017 2827 2184 2897 adeo
2232 2829 2600 2917 immensae,
2643 2843 2712 2898 et
2753 2830 2880 2897 im-

749 2936 1026 3031 perviae,
1055 2935 1218 3030 quin
1256 2935 1427 3004 inter
1455 2932 1577 3002 has
1612 2931 2007 3028 multiplices
2039 2933 2287 3006 fuerint
2321 2936 2570 3029 campi,
2597 2949 2677 3004 ut
2704 2959 2882 3004 nunc

751 3042 1037 3111 vidimus
1073 3041 1156 3110 de
1195 3040 1557 3110 Arduenna
1587 3038 1785 3128 silva,
1814 3065 1959 3134 quae
2001 3039 2310 3110 eumdem
2350 3041 2488 3110 fere
2524 3039 2745 3111 locum
2783 3066 2884 3111 oc·

751 3163 994 3243 cupat,
1038 3149 1090 3217 si
1132 3150 1201 3214 in
1242 3146 1371 3216 hoc
1415 3159 1632 3215 tractu
1676 3146 2199 3241 comprehendas
2242 3145 2447 3217 saltus
2486 3149 2548 3216 ei
2592 3148 2887 3234 vicinos,

754 3268 823 3325 et
865 3255 1050 3349 quasi
1097 3253 1524 3322 adhaerentes.
1572 3252 1675 3320 Ibi
1717 3254 1884 3322 vites
1928 3256 2230 3348 optimae,
2262 3267 2332 3322 et
2372 3253 2633 3349 quidem
2672 3278 2885 3348 usque

754 3359 840 3429 ad
876 3359 1166 3455 Ligerim
1187 3414 1207 3448 ,
1246 3372 1313 3427 et
1348 3358 1500 3428 inde
1537 3359 1622 3427 ad
1666 3358 2013 3448 Rhenum;
2051 3351 2079 3447 (
2108 3360 2258 3429 vitis
2301 3361 2601 3429 Bituricae
2632 3372 2700 3428 et
2736 3361 2875 3426 Ar-

755 3468 1040 3538 vernicae
1089 3467 1447 3536 meminere
1496 3465 1741 3535 Plinius
1786 3466 1935 3536 hist.
1980 3481 2113 3537 nat.
2158 3464 2269 3535 lib.
2318 3490 2476 3556 xus,
2516 3491 2571 3534 c.
2607 3462 2651 3535 3
2694 3479 2764 3533 et
2801 3469 2882 3551 4,

755 3568 810 3660 S
840 3571 922 3661 33
958 3589 1023 3641 et
1051 3571 1372 3644 Columel.
1409 3573 1544 3660 ΙΙΙ,
1579 3597 1619 3641 2
1640 3596 1665 3642 1
1692 3565 1718 3660 )
1751 3598 1765 3639 τ
1794 3587 1861 3641 et
1885 3586 2050 3645 teste
2072 3576 2378 3643 Varrone
2405 3572 2490 3641 de
2517 3574 2598 3640 R.
2627 3572 2707 3641 R.
2737 3569 2778 3640 l.
2810 3596 2837 3641 1
2864 3627 2883 3660 ,

760 3677 941 3765 olea,
982 3677 1179 3767 ficuS,
1207 3680 1276 3747 in
1310 3676 1845 3748 meridionalibus
1871 3680 2167 3774 partibus
2187 3733 2206 3764 ‚
2232 3704 2431 3775 poma
2458 3680 2642 3748 mitia
2680 3692 2748 3748 et
2781 3677 2885 3746 alii

757 3784 1014 3855 fructus
1057 3783 1519 3868 abundabant3
1559 3786 1717 3879 quin
1758 3799 1826 3854 et
1867 3783 1950 3854 de
1994 3787 2233 3855 cerasis
2268 3788 2602 3856 Lusitanis
2646 3788 2718 3855 in
2751 3783 2886 3854 Bel·

760 3892 972 3985 gicam
1000 3904 1067 3959 et
1093 3890 1310 3960 Rheni
1335 3892 1511 3985 ripas
1536 3892 1903 3985 importatis
1932 3890 2221 3988 loquitur
2253 3891 2414 3962 Plin.
2441 3891 2479 3961 l.
2508 3917 2642 3980 xv,
2670 3918 2729 3963 c.
2765 3888 2880 3962 30.

759 4000 921 4067 Auri
949 4012 1017 4067 et
1051 4000 1306 4094 argenti
1340 3996 1605 4068 metalla
1642 4000 1710 4065 in
1756 3996 1975 4068 Gallia
2008 4015 2231 4089 erant,
2273 4015 2341 4068 et
2381 3998 2651 4094 quidem
2688 4022 2881 4093 pras-

715 4171 723 4176 .
760 4106 1122 4174 tantissima
1158 4107 1227 4175 in
1266 4104 1588 4178 Gebenna
1624 4118 1886 4193 monte3
1928 4107 2074 4173 auri
2108 4130 2371 4201 quoque
2420 4103 2663 4174 fodinae
2706 4102 2881 4199 apud

756 4205 1231 4300 Tarbelliones,
1267 4224 1336 4279 et
1369 4210 1658 4284 ferrariae
1696 4211 1874 4307 apud
1912 4212 2358 4302 petrocorios,
2387 4211 2717 4306 Bituriges
2750 4211 2880 4279 Cu·

755 4313 906 4406 bos,
951 4329 1113 4386 teste
1161 4313 1522 4407 Strabone,
1562 4332 1630 4386 et
1670 4316 1847 4411 apud
1902 4319 2200 4389 Rutenos
2251 4333 2317 4386 et
2359 4313 2681 4404 Gabalos;
2723 4317 2881 4411 quin
