3111 5147
736 535 831 608 38
1019 539 1093 607 C.
1149 536 1430 604 JULII
1485 532 1941 605 CAESARIS
1995 531 2545 600 COMMENT.

731 671 1102 762 repetisset,
1135 682 1354 735 tamen
1396 691 1541 735 eam
1586 690 1724 734 rem
1767 689 1901 733 non
1945 665 2159 733 minus
2195 687 2275 731 ex
2317 686 2441 730 usu
2483 670 2678 729 terroe‘
2693 658 2852 729 Gal-

730 773 831 842 liae
856 760 904 861 ³,
935 799 1131 868 quam
1176 772 1399 868 populi
1453 774 1705 840 romani
1750 769 2059 840 accidisse
2096 796 2112 837 :
2156 783 2503 863 propterea
2552 765 2734 860 quod
2776 791 2860 835 eo

729 880 1030 968 consilio,
1061 880 1530 947 florentissimis
1571 878 1797 963 rebus„
1820 878 2053 947 domos
2078 900 2226 945 suas
2257 873 2538 943 Helvetii
2570 871 2858 965 reliquis·

730 1001 914 1074 sent,
938 988 1034 1055 uti
1066 988 1187 1053 toti
1215 984 1443 1053 Galliae
1474 983 1716 1051 bellum
1751 984 2065 1052 inferrent
2086 1036 2103 1067 ,
2134 983 2538 1075 imperioque
2575 981 2859 1074 potiren-

728 1106 863 1178 tur,
897 1091 1245 1183 locumque
1288 1088 1618 1159 domicilio
1644 1116 1724 1158 ex
1757 1113 1998 1182 magna
2024 1090 2214 1181 copia
2239 1085 2632 1180 deligerent,
2659 1109 2859 1177 quem

728 1222 812 1264 ex
855 1199 1034 1265 omni
1079 1194 1291 1265 Gallia
1330 1198 1959 1290 opportunissimum
2003 1220 2080 1263 ac
2123 1194 2714 1263 fructuosissimum
2750 1191 2856 1282 ju·

729 1302 1095 1389 dicassent,
1134 1301 1540 1395 reliquasque
1585 1304 1878 1371 civitates
1915 1286 2406 1394 stipendiarias⁴
2435 1298 2776 1367 haberent.
2818 1326 2852 1363 n

732 1410 1109 1493 Petierunt,
1160 1437 1194 1471 α
1225 1411 1321 1476 uti
1364 1409 1483 1477 sibi
1520 1407 1871 1477 concilium
1906 1409 2106 1476 totius
2134 1404 2362 1475 Gallim
2399 1406 2464 1472 in
2499 1404 2674 1473 diem
2718 1427 2860 1472 cer-

731 1528 867 1581 tam
923 1512 1208 1582 indicere
1234 1567 1255 1601 ,
1296 1513 1492 1608 idque
1551 1517 1830 1584 Caesaris
1885 1513 2226 1582 voluntate
2279 1510 2534 1596 facere,
2578 1508 2804 1577 liceret
2842 1534 2858 1574 ε

733 1642 873 1687 sese
915 1620 1160 1689 hahere
1200 1619 1515 1712 quasdam
1559 1646 1663 1689 res
1683 1674 1703 1707 ,
1730 1644 1891 1714 quas
1922 1645 2001 1688 ex
2033 1620 2367 1688 communi
2408 1640 2736 1685 consensu
2776 1614 2862 1683 ab

733 1750 814 1793 eo
843 1739 1066 1819 petere
1088 1724 1348 1793 vellent.
1380 1755 1413 1790 »
1439 1729 1536 1793 Ea
1561 1751 1631 1794 re
1660 1727 2005 1820 permissa,
2023 1726 2196 1793 diem
2216 1722 2492 1793 concilio
2515 1724 2863 1793 constitue-

733 1845 921 1918 runt,
947 1846 1013 1899 et
1047 1831 1514 1923 jurejurand0‚
1537 1854 1622 1899 ne
1646 1834 1790 1925 quis
1826 1833 2229 1917 enuntiaret,
2259 1833 2383 1899 nisi
2417 1829 2657 1922 quihus
2692 1851 2864 1897 com-

732 1938 919 2003 muni
964 1936 1235 2005 consilio
1277 1936 1662 2005 mandatum
1699 1952 1869 2006 esset
1891 1992 1910 2022 ,
1943 1940 2113 2005 inter
2162 1962 2230 2004 se
2274 1949 2649 2005 sanxerunt.

844 2043 1096 2110 XXXI.
1122 2045 1223 2111 Eo
1251 2042 1529 2113 concilio
1567 2042 1867 2130 dimisso,
1893 2043 2088 2112 iidem
2124 2043 2453 2137 principes
2490 2042 2864 2126 civitatum,

737 2148 849 2240 qui
893 2162 1045 2216 ante
1077 2147 1338 2217 fuerant
1373 2149 1456 2217 ad
1480 2152 1809 2218 Caesarem
1834 2148 1881 2236 ¹,
1903 2162 2349 2234 reverterunt,
2372 2149 2864 2241 petieruntque,

737 2254 836 2321 uti
871 2253 992 2320 sibi
1026 2269 1280 2322 secreto
1304 2256 1372 2322 in
1396 2254 1658 2323 occulto
1683 2254 1703 2279 ²
1732 2256 1814 2323 de
1850 2279 1966 2324 sua
2002 2257 2426 2346 omniumque
2466 2252 2673 2321 salute
2709 2275 2864 2318 cum

738 2382 819 2426 eo
856 2383 1049 2452 agere
1077 2357 1317 2428 liceret.
1365 2362 1464 2428 Ea
1499 2386 1571 2428 re
1612 2362 1997 2454 impetrata,
2024 2385 2163 2430 sese
2193 2383 2420 2428 omnes
2463 2359 2689 2426 flentes
2716 2359 2868 2424 Cae-

738 2466 870 2532 sari
914 2464 997 2531 ad
1039 2464 1238 2558 pedes
1275 2467 1735 2558 projecerunt:
1775 2495 1808 2530 «
1841 2491 1975 2534 non
2019 2469 2236 2534 minus
2272 2489 2339 2532 se
2371 2464 2436 2531 id
2466 2462 2869 2531 contendere

741 2583 808 2638 et
868 2567 1165 2637 laborare
1187 2624 1207 2656 ,
1236 2595 1317 2638 ne
1377 2597 1488 2658 ea,
1518 2595 1664 2666 quae
1713 2571 2058 2659 dixissent,
2094 2572 2631 2654 enuntiarentur,
2666 2593 2866 2662 quam

741 2675 838 2743 uti
900 2700 977 2742 ea
1005 2723 1024 2762 ‚
1066 2700 1212 2768 quae
1269 2675 1512 2745 vellent
1540 2731 1561 2762 ,
1609 2679 2034 2771 impetrarent
2073 2704 2088 2744 :
2136 2692 2484 2772 propterea
2543 2674 2724 2768 quod
2753 2729 2772 2762 ,
2815 2677 2872 2744 si

743 2795 1153 2849 enuntiatum
1197 2795 1404 2869 esset,
1431 2807 1764 2850 summum
1806 2785 1873 2850 in
1915 2786 2278 2851 cruciatum
2322 2807 2390 2851 se
2435 2796 2752 2849 venturos
2783 2783 2873 2848 vi-

742 2884 990 2954 derent.
1033 2916 1067 2950 »
1108 2889 1402 2955 Locutus
1435 2903 1533 2956 est
1562 2913 1685 2981 pro
1713 2889 1815 2957 his
1841 2892 2208 2958 Divitiacus
2242 2888 2531 2957 AEduus:
2567 2915 2600 2950 «
2638 2885 2872 2956 Galliae

743 2993 945 3060 totius
988 2991 1304 3062 factiones
1330 2977 1355 3016 ³
1391 3018 1530 3062 esse
1573 2993 1735 3063 duas
1766 3021 1781 3062 :
1819 2995 2055 3065 harum
2115 2995 2382 3065 alterius
2423 2994 2872 3088 principatum

742 3193 910 3228 sarem
922 3174 1208 3227 vindictam
1228 3174 1433 3245 injuria
1445 3176 1755 3241 referentes3

742 3271 898 3317 nam,
921 3266 981 3305 ut
1009 3266 1149 3305 recte
1179 3254 1421 3306 observat
1451 3254 1762 3321 Oberlinus,

741 3342 996 3401 reguntur
1021 3330 1289 3384 interdum
1312 3330 1419 3383 duo
1447 3334 1665 3402 genitivi
1696 3335 1762 3386 ab

742 3428 854 3462 uno
881 3409 1238 3476 substantive,
1268 3411 1649 3481 significatione
1678 3412 1762 3465 di·

743 3509 906 3542 versa.

824 3569 876 3621 3.
888 3568 975 3619 Ex
987 3587 1075 3619 um
1088 3579 1226 3620 εει-τω
1245 3568 1441 3622 Gallice.
1454 3567 1576 3622 Non
1589 3571 1763 3624 minus

740 3646 798 3700 in
828 3646 1166 3700 commodum
1195 3648 1378 3700 Gallim
1413 3646 1471 3701 id
1499 3650 1761 3716 evenisse,

741 3737 840 3780 etc.
866 3758 948 3770 --
971 3728 1022 3778 T
1015 3747 1135 3778 erroe
1153 3726 1349 3780 Gallice.
1370 3728 1446 3779 Ut
1466 3728 1670 3782 Hirtius
1694 3730 1763 3783 de

740 3806 802 3859 B.
826 3805 911 3858 Af.
936 3818 1075 3858 εει-ναι
1095 3805 1301 3875 Africoe.
1335 3807 1470 3860 Gen.
1502 3827 1598 3874 111,
1619 3811 1680 3875 8,
1712 3814 1762 3862 in

743 3896 870 3936 terra
901 3886 1065 3938 Italia.
1099 3886 1239 3939 Male
1268 3885 1430 3958 igitur
1456 3888 1548 3958 qui
1577 3907 1762 3943 vocem

743 3975 881 4015 terroe
905 3964 1143 4018 inutilem
1173 3979 1402 4020 censent.

824 4050 876 4105 4.
902 4044 1263 4115 &guendini-ias.
1288 4050 1334 4100 A
1359 4045 1649 4119 stipendio,
1673 4047 1762 4102 nti-

741 4119 1074 4193 pendiarius‚
1099 4125 1155 4177 h.
1188 4127 1223 4179 l.
1255 4127 1524 4197 vectigalis.
1551 4128 1761 4198 Stipen-

743 4199 891 4253 dium
916 4202 1059 4273 quod
1082 4222 1179 4274 per
1207 4207 1395 4277 stipes,
1420 4207 1457 4260 i.
1481 4226 1526 4260 e.
1553 4206 1762 4263 modica

743 4297 845 4331 ara
860 4316 876 4346 ,
898 4281 1176 4352 colligitur.

1927 3178 2056 3230 Cu.
2081 3178 2280 3230 XXXI.
2315 3195 2334 3229 1
2348 3215 2360 3227 .
2379 3177 2594 3228 Fuerant
2614 3175 2685 3225 ad
2700 3175 2874 3227 Coesa-

1850 3275 1960 3308 rem.
1981 3256 2045 3308 Id
2068 3268 2145 3308 est
2166 3256 2298 3326 apud
2318 3255 2569 3308 Casama.
2594 3253 2678 3307 sic
2704 3254 2739 3305 l.
2765 3272 2838 3307 111
2855 3293 2874 3320 ,

1849 3355 1894 3390 c.
1932 3353 1964 3402 9
1982 3373 1999 3400 ,
2020 3335 2091 3385 ad
2116 3354 2270 3386 omnes
2303 3338 2547 3396 mamm,-
2569 3346 2622 3386 et
2651 3334 2875 3387 Terent.

1850 3414 2038 3466 Heaut.
2059 3427 2155 3466 act.
2171 3433 2225 3479 v,
2244 3435 2271 3467 α
2287 3452 2303 3479 ,
2324 3418 2413 3468 26.
2431 3416 2553 3466 Esse
2566 3412 2876 3468 admo-orem.

1849 3525 1930 3538 -—
1947 3494 2050 3563 Qui
2060 3496 2384 3561 antefuerant.
2403 3494 2528 3546 Hac
2539 3494 2701 3546 verbe
2713 3492 2875 3546 Cinc-

1850 3571 2005 3626 oonio
2033 3571 2282 3625 videntur
2308 3572 2586 3644 superflua.

1933 3671 1984 3705 a.
2008 3651 2200 3704 Secreto
2217 3657 2266 3705 in
2294 3653 2491 3705 occulto.
2515 3652 2705 3705 Secum
2730 3653 2877 3723 gloa-

1849 3750 1958 3784 anm
1996 3732 2161 3803 sapiu
2197 3730 2291 3786 ned
2324 3733 2397 3786 ita
2435 3730 2589 3785 codd.
2622 3730 2784 3796 Quod
2823 3733 2872 3784 εἰ

1850 3823 2132 3883 utrumque
2159 3813 2387 3865 retinere
2409 3812 2537 3864 velis
2554 3850 2571 3874 ‚
2596 3811 2670 3863 sic
2701 3811 2876 3864 inter·

1846 3903 2054 3961 pretate
2086 3911 2208 3946 cum
2246 3890 2592 3961 Oudendorp.
2629 3901 2689 3942 ut
2717 3890 2878 3961 prius

1848 3983 2022 4024 secreto
2040 3971 2107 4032 ad
2127 3970 2387 4037 auditum,
2401 3969 2659 4041 posterius
2681 3971 2877 4022 occulto

1848 4050 1915 4105 ad
1945 4053 2115 4107 visum
2144 4053 2366 4117 referas,
2399 4063 2458 4104 ut
2489 4069 2573 4121 ap.
2608 4049 2716 4101 Cic.
2743 4049 2874 4103 Mil.

1847 4151 1893 4184 c.
1929 4133 1978 4185 5.
2012 4134 2206 4186 Tacitus
2237 4144 2283 4183 et
2316 4131 2524 4183 occultas
2561 4131 2873 4182 auen-mnes.

1849 4210 2056 4265 Onux..

1930 4291 1983 4344 3.
2015 4292 2286 4345 Faces'ones.
2323 4288 2503 4344 Fectio
2546 4287 2722 4358 primo
2768 4287 2876 4340 ho-
