3111 5147
563 533 704 601 DE
757 535 1100 604 BELLO
1156 536 1650 608 GALLICO.
1709 542 1896 610 LIB.
1953 544 2134 614 VII.
2250 546 2394 622 353

269 665 430 733 tecti
482 688 522 732 a
563 664 804 758 palude
821 654 868 752 ⁴,
911 669 979 735 in
1032 669 1189 762 ripis
1227 670 1568 762 Sffluanae
1595 725 1614 759 ‚
1662 694 1700 741 e
1754 674 2019 770 regione
2083 681 2361 754 Lutetiae
2381 738 2401 774 ,

271 785 507 839 contra
551 771 824 841 Labieni
866 787 1080 842 castra
1121 773 1489 844 considunt.

383 878 564 946 LIX.
617 879 766 946 Jam
829 881 1051 976 C3aesar
1097 904 1138 949 a
1180 883 1512 976 Gergovia
1562 883 1926 957 discessisse
1975 890 2400 967 audiebatur:

265 985 406 1075 jam
439 983 522 1052 de
549 983 916 1054 AEduorum
950 986 1317 1057 defectione
1343 1003 1413 1058 et
1441 990 1732 1060 secundo
1768 993 1996 1064 Galliae
2032 1013 2219 1068 motu
2240 999 2257 1024 ¹
2291 1028 2401 1071 ruv-

272 1114 496 1158 mores
547 1091 996 1161 afferebantur
1019 1146 1037 1178 ,
1083 1092 1385 1189 Gallique
1437 1096 1505 1164 in
1549 1096 1889 1193 colloquiis
1911 1153 1932 1188 ‚
1973 1104 2399 1178 interclusum

271 1197 506 1265 itinere
539 1212 609 1267 et
641 1199 861 1292 Ligeri
886 1195 906 1222 ²
937 1202 1266 1269 Caesarem
1290 1254 1309 1288 ,
1344 1202 1569 1297 inopia
1603 1203 1915 1274 frumenti
1951 1225 2254 1281 coactum
2277 1267 2296 1300 ,
2331 1218 2400 1283 in

271 1303 686 1373 Provinciam
740 1305 1152 1375 contendisse
1194 1298 1708 1378 confirmabant.¹
1730 1307 2080 1385 Bellovaci
2130 1333 2352 1390 autem
2378 1375 2399 1410 ,

267 1407 640 1478 defectione
673 1409 1039 1479 AEduorum
1073 1414 1338 1507 cognita
1359 1467 1380 1500 ‚
1416 1417 1530 1508 qui
1562 1430 1716 1484 ante
1747 1405 1971 1487 erant³
2006 1446 2125 1515 per
2158 1449 2227 1494 se
2254 1427 2397 1496 infi-

267 1513 481 1604 deles,
510 1540 742 1585 manus
794 1542 1032 1613 cogere
1083 1534 1282 1613 atque
1328 1536 1555 1615 aperte
1604 1521 1852 1592 bellum
1898 1549 2135 1620 parare
2181 1555 2398 1627 coepe·

237 1636 445 1726 Urunt.
485 1625 656 1692 Tum
700 1623 1034 1694 Labienus
1055 1678 1075 1712 ‚
1117 1640 1299 1695 tanta
1341 1651 1566 1696 rerum
1609 1633 2123 1703 commutatione
2145 1688 2166 1723 ‚
2204 1635 2399 1733 longe

266 1726 446 1796 aliud
502 1729 623 1797 sibi
678 1729 1071 1825 capiendum
1126 1732 1468 1801 consilium
1501 1787 1521 1821 ‚
1564 1749 1761 1829 atque
1806 1751 1999 1806 antea
2052 1760 2343 1813 senserat
2376 1799 2397 1835 ,

265 1834 716 1931 intelligebat:
749 1861 834 1906 ne
881 1861 993 1924 ue,
1005 1839 1142 1931 jam
1186 1854 1265 1907 ut
1306 1838 1548 1932 aliquid
1592 1843 1962 1936 acquireret
1987 1897 2007 1931 ,
2043 1847 2397 1944 praelioque

265 1939 491 2010 hostes
510 1941 854 2012 lacesseret
894 1968 914 2031 3
938 1943 1053 2013 sed
1075 1959 1153 2014 ut
1176 1945 1575 2016 incolumem
1600 1949 1961 2019 exercitum
1981 1951 2395 2046 Agendicum

351 2132 403 2189 4.
420 2126 522 2196 Ipsi
535 2129 741 2197 protecti
767 2146 799 2177 a
816 2127 1016 2197 palude.
1031 2127 1172 2179 Mira
1191 2146 1281 2180 co·
1370 2126 1599 2182 advecto
1612 2167 1629 2193 ,
1642 2129 1818 2182 forsan
1830 2130 2057 2203 religat·
2069 2149 2219 2189 erant
2239 2137 2297 2191 in
2315 2158 2397 2192 ra·

267 2201 450 2257 dicum
484 2206 703 2259 varietas
732 2205 835 2259 hoc
863 2206 1013 2271 10003
1055 2206 1175 2271 alii,
1223 2219 1282 2259 ut
1368 2209 1513 2260 mulo
1530 2207 2053 2281 Sequano,quinunc
2072 2213 2220 2268 alluit
2232 2218 2390 2289 ripas,

265 2296 452 2337 noster
472 2285 640 2355 5763,
657 2295 908 2356 prospecta
929 2286 1134 2356 palude,
1164 2287 1280 2339 abs-
1374 2288 1440 2338 les
1458 2289 1667 2360 quai-ede
1683 2288 2049 2355 l'Ar-ckeveche,
2079 2293 2139 2344 de
2160 2295 2210 2346 la
2235 2297 2391 2350 Tour-

264 2382 377 2436 que
388 2381 557 2417 sensu.
573 2366 680 2418 Alii
693 2377 967 2436 ,perspecta
977 2403 994 2427 ,
1016 2364 1162 2437 quod
1177 2384 1286 2418 non
1374 2369 1510 2428 nelle,
1528 2368 1589 2419 de
1603 2368 1969 2434 l'Ho‘tel-Dieu,
1982 2371 2360 2429 &saint-Loccis
2372 2419 2387 2440 ,

261 2441 552 2498 dilucidius
570 2458 662 2499 est.
686 2445 790 2498 Alii
813 2445 984 2498 multo
1000 2446 1182 2516 plures
1203 2446 1287 2497 in·

262 2535 346 2578 ter
374 2542 508 2597 quos
525 2538 705 2579 noster
727 2524 876 2596 5764
893 2563 910 2590 ,
918 2526 1127 2596 profecti
1149 2544 1181 2577 a
1197 2545 1290 2597 pa-

260 2604 391 2657 lude.
424 2603 588 2669 Quod
631 2624 754 2660 cum
794 2624 964 2677 groco
1000 2606 1288 2678 interprete

259 2685 553 2748 consentit,
588 2688 643 2738 ἐκ
681 2692 769 2746 τῆς
802 2686 972 2756 λίμνης
1004 2687 1284 2748 decios-mc.

261 2764 536 2817 ciacconii
573 2764 994 2818 emendationem
1046 2767 1285 2836 ingenio-

261 2862 374 2897 sam
394 2884 412 2909 ‚
446 2856 501 2896 et
546 2857 805 2915 punctum
854 2843 1178 2898 difficultatis
1209 2857 1285 2898 at·

263 2923 557 2995 tingentem
577 2926 770 2997 recepi.
795 2926 847 2977 Is
880 2924 1024 2976 enim
1049 2943 1150 2996 pro
1167 2943 1285 2994 pro-

250 3005 382 3071 secta·
409 3005 666 3076 proponit
687 3009 919 3075 protecti,
950 3017 1003 3056 et
1031 3022 1149 3056 eam
1178 3005 1285 3056 lec·

261 3082 465 3136 tionem
474 3084 636 3137 solam
645 3103 756 3137 esse
767 3086 1048 3155 genuinam
1062 3084 1289 3135 affirma-

257 3182 323 3216 re
353 3182 464 3216 nou
490 3162 714 3217 dubito:
741 3181 864 3216 nam
890 3166 960 3217 ita
990 3161 1286 3215 ordinanda

263 3242 400 3296 mihi
429 3241 642 3297 videtur
672 3242 959 3316 expeditio.
989 3243 1284 3308 Labienus,

263 3321 543 3375 Meloduni
572 3325 790 3377 transito
827 3323 1076 3386 flumine,
1112 3321 1283 3394 ripam

262 3403 520 3474 Sequanoe
554 3403 819 3456 sinistram
860 3404 1115 3476 sequitur·
1156 3403 1284 3456 Per-

265 3484 414 3536 venit
454 3483 718 3536 Lutetiam
762 3501 883 3536 cum
926 3483 1142 3554 integris
1177 3482 1284 3535 suis

264 3562 471 3615 viribus
484 3601 502 3628 ,
515 3577 570 3616 et
580 3575 746 3616 castra
759 3577 986 3616 metatur
999 3565 1056 3616 in
1077 3563 1286 3633 dejectu

264 3643 465 3695 montis
489 3643 689 3696 Sanctae
713 3642 1028 3709 Genovefo,
1059 3655 1285 3713 quatuor

262 3721 562 3793 legionibus
582 3723 964 3794 occupantibus
989 3723 1099 3775 vias
1120 3721 1285 3774 dictas

264 3802 366 3856 ὅτε.
406 3801 666 3856 Οεηενὶὲνε
677 3841 692 3864 ,
710 3803 1034 3875 St.·.lacques,
1049 3802 1090 3853 d
1093 3802 1280 3867 'Enfin

264 3893 376 3947 ιιι-,ς
386 3883 758 3944 Galliscontra,
773 3883 1023 3955 protectis
1035 3900 1061 3933 a
1076 3879 1286 3953 palude,

263 3962 406 4014 ultra
435 3962 729 4033 Sequanam
745 4001 759 4024 ,
786 3973 842 4016 et
857 3981 886 4016 e
899 3962 1111 4032 regione
1125 3961 1286 4013 Lute-

265 4041 352 4093 tia
365 4040 670 4095 sedentibus
683 4043 739 4095 in
753 4042 882 4095 locis
907 4040 1286 4111 superioribus,

264 4119 514 4175 videlicet
535 4121 590 4174 in
617 4122 716 4175 viis
733 4121 1026 4175 Se.-Mam·n
1039 4158 1054 4181 ,
1073 4120 1285 4172 St.-De-

263 4221 367 4272 nys,
387 4201 768 4262 M'ont-Marere,
786 4214 873 4251 etc.
893 4200 1286 4270 Quinquaginta

205 4311 214 4317 -
263 4293 440 4336 autem
457 4299 616 4336 naves
628 4299 693 4335 ex
705 4279 1279 4334 MelodunoaLahieno

373 4392 423 4454 t.

1373 2447 1433 2498 de
1447 2449 1496 2499 la
1512 2449 1570 2500 V
1564 2448 1687 2499 allec·
1697 2487 1711 2510 ,
1728 2449 1811 2499 des
1825 2451 2073 2517 0rftvres,
2090 2465 2178 2505 etc.
2194 2455 2245 2508 Is
2258 2457 2392 2510 mihi

1371 2526 1584 2581 videtur
1604 2526 1777 2581 adhuc
1800 2529 1959 2584 fuisse
1972 2531 2101 2585 situs
2117 2535 2392 2609 utriusque

1371 2608 1647 2661 exercitus.
1662 2607 1791 2662 vid.
1805 2610 1899 2663 inf.
1916 2612 2086 2684 capita
2098 2618 2389 2685 sequentia.

1451 2688 1582 2741 Car.
1599 2688 1741 2741 LIX.
1781 2707 1828 2742 ι,
1857 2689 2076 2744 Secundo
2097 2692 2281 2747 Gallia
2294 2716 2392 2749 mo·

1373 2778 1440 2820 tu.
1487 2767 1611 2820 Non
1640 2767 1874 2822 secundo
1918 2771 1976 2824 in
2017 2770 2205 2826 ordine
2227 2793 2240 2827 :
2266 2795 2391 2830 nam

1372 2859 1494 2899 ante
1519 2847 1698 2917 plures
1728 2847 1937 2901 fuerant
1965 2863 2138 2903 motus
2174 2854 2231 2905 in
2261 2855 2390 2908 Gal-

1369 2925 1468 2990 lia,
1495 2924 1588 2979 sed
1614 2925 1709 2997 qui
1732 2945 1983 2998 prospere
2006 2927 2072 2981 ad
2089 2929 2233 2983 hunc
2246 2931 2389 2987 diem

1370 3017 1700 3058 successerat⁴
1715 3005 1929 3058 Monuit
1946 3006 2259 3062 Hotmanus.

1455 3103 1506 3137 α.
1534 3086 1713 3136 Itinere
1728 3094 1779 3134 et
1802 3084 1983 3154 Ligen'.
2014 3085 2135 3140 Scil.
2165 3091 2387 3145 transitu

1368 3164 1588 3235 Ligeris.
1616 3163 1694 3216 u.

1454 3245 1505 3297 3.
1541 3244 1645 3313 Qui
1672 3254 1785 3294 ante
1813 3255 1965 3296 erant.
2003 3246 2087 3298 Μ.
2113 3248 2236 3317 quia
2266 3262 2386 3303 ante

1369 3334 1550 3390 erant;
1579 3322 1721 3376 unde
1764 3323 2012 3377 Heinsius
2035 3325 2277 3398 conjicit,
2308 3334 2391 3405 qui

1359 3406 1468 3473 jam
1496 3416 1610 3455 ante
1626 3416 1796 3456 aaut.
1828 3401 1910 3457 Id.

1381 3518 1394 3531 .
1453 3490 1507 3548 4.
1525 3485 1796 3554 Proelioque
1808 3484 1961 3535 hostes
1983 3484 2242 3540 lacesseret.
2260 3487 2310 3539 N
2312 3507 2385 3542 ou

1370 3564 1622 3634 agebatur
1662 3576 1789 3615 tunc
1849 3562 1918 3615 de
1966 3564 2166 3634 ingenti
2203 3567 2388 3636 prnlio

1370 3660 1479 3714 quo
1521 3640 1815 3713 confligunt
1854 3641 1963 3695 duo
2007 3646 2262 3698 exercitus
2280 3683 2297 3714 ,
2327 3658 2393 3699 ut

1372 3723 1504 3774 alter
1531 3722 1683 3773 alteri
1725 3722 1969 3794 superior
1995 3725 2267 3794 regionem
2296 3743 2388 3779 oc-

1369 3812 1543 3873 cupet.
1570 3800 1707 3854 Nam
1731 3802 1846 3854 fore
1865 3812 1925 3854 ut
1953 3820 2008 3855 se
2032 3821 2095 3854 ex
2124 3803 2178 3856 h.
2202 3804 2238 3857 l.
2275 3805 2387 3859 sine

1370 3880 1480 3934 ullo
1504 3879 1757 3933 conflictu
1778 3878 2048 3952 expediret
2061 3900 2394 3955 nequaquam

1369 3961 1612 4031 sperabat
1625 3996 1643 4023 ,
1660 3964 1827 4030 quum
1855 3960 1907 4012 ei
1932 3961 2283 4017 transeundus
2310 3983 2391 4018 es·

1372 4054 1448 4092 set
1474 4039 1713 4110 Sequana
1744 4058 1922 4092 coram
1944 4040 2096 4093 hoste
2125 4055 2310 4112 parato
2337 4057 2391 4098 et

1373 4119 1662 4183 instructo;
1694 4114 1787 4171 sed
1816 4138 2023 4173 summa
2044 4121 2124 4174 rei
2158 4135 2300 4189 erat,
2331 4137 2393 4179 ut

1373 4196 1703 4269 Agendicum
1727 4199 2029 4270 pervetus-et
2049 4201 2162 4255 sine
2186 4203 2292 4257 ulla
2309 4204 2393 4258 sui

1367 4278 1624 4332 exercitus
1633 4280 1861 4349 §actutu
1876 4274 1944 4341 (il
1962 4298 2021 4332 ne
2035 4282 2288 4351 s‘agissait
2302 4300 2397 4354 pou

1973 4384 2068 4459 23
