3111 5147
692 517 847 603 408
984 518 1061 586 C.
1116 516 1405 585 JUL11
1460 516 1929 585 CAESARIS
1983 515 2550 585 COMMENT.

688 636 837 718 liae⁴
849 703 869 737 ‚
912 673 1048 718 non
1091 647 1551 767 comparandis
1594 647 2040 778 superioribus
2090 662 2288 742 atque
2329 643 2818 740 insequentibus

692 756 834 849 ejus
847 756 1434 850 scriptis,contexui
1438 756 2016 848 ,novissimumque
2016 738 2509 872 ⁵imperfectum
2525 752 2611 820 ab
2623 749 2820 820 rebus

693 863 890 956 gestis
937 860 1347 934 Alexandriae
1397 860 1655 930 confeci
1703 885 1910 954 usque
1953 860 2039 929 ad
2083 861 2332 930 exitum
2373 885 2511 929 non
2553 857 2818 956 quidem

693 967 901 1038 civilis
927 967 1342 1037 dissensionis
1358 966 1589 1059 ‚cujus
1620 965 1820 1036 finem
1850 965 2106 1035 nullum
2130 952 2496 1053 videmus⁵,
2522 964 2638 1036 sed
2670 965 2820 1031 vitae

696 1176 992 1248 sequentibus
1031 1178 1131 1246 ejus
1166 1179 1354 1246 scriptis
1383 1179 1618 1226 contexui.
1651 1175 1723 1227 At
1806 1177 2055 1237 contexui,
2081 1174 2236 1228 simul
2250 1175 2393 1228 texui
2408 1212 2425 1240 ,
2442 1177 2814 1237 commentarios,

696 1274 758 1310 ea
772 1256 930 1308 lectio
943 1255 1087 1307 nulla
1100 1252 1256 1307 codd.
1272 1255 1583 1307 auctoritate
1595 1273 1717 1325 pro-

695 1336 869 1390 batur.
897 1335 1156 1388 Praeterea
1183 1335 1266 1387 sin
1299 1334 1475 1387 minus
1503 1347 1714 1387 contre·

694 1416 841 1470 rium
862 1428 916 1468 et
944 1413 1223 1467 adversum
1242 1414 1440 1480 menti,
1461 1427 1514 1467 st
1533 1414 1716 1467 saltem

695 1495 963 1567 ingratum
991 1507 1045 1549 et
1067 1495 1308 1548 hiulcum
1344 1496 1572 1547 auctoris
1596 1512 1715 1546 sen-

696 1594 816 1629 snm
842 1575 1002 1628 offert
1024 1594 1038 1629 ε
1060 1593 1184 1628 nam
1220 1575 1296 1627 sic
1319 1572 1473 1626 ‘ordo
1509 1573 1715 1644 phrasis

696 1656 949 1708 constitui
978 1653 1168 1708 debet:
1196 1649 1591 1715 Commentariis(
1604 1653 1716 1706 haec

697 1752 802 1789 vox
827 1732 1188 1788 subaudienda
1212 1730 1310 1796 est)
1330 1732 1537 1786 Caesuris
1565 1737 1719 1785 nostri

697 1819 922 1866 contexui
935 1818 1288 1865 commentarios
1306 1833 1457 1864 rerum
1471 1824 1717 1882 gestae-um

703 1892 888 1948 Gallae
914 1913 1010 1945 non
1032 1893 1373 1964 comparandos
1399 1893 1715 1963 superioribus

699 1984 843 2044 atque
868 1972 1210 2044 insequentibus
1225 1975 1324 2041 ejus
1349 1975 1552 2044 scriptis.
1568 1974 1637 2025 At
1656 1970 1712 2025 id

698 2072 809 2106 non
841 2053 1059 2103 omnino
1085 2070 1270 2104 verum
1299 2064 1392 2104 est.
1426 2052 1563 2104 Nam
1594 2051 1718 2105 Hir-

699 2132 805 2184 tius
820 2150 913 2182 non
938 2136 1180 2182 conte-ruit
1189 2136 1542 2184 commentarios
1562 2152 1715 2184 rerum

695 2223 937 2281 gestarum
966 2215 1016 2262 in
1045 2210 1231 2265 Gallia.
1272 2211 1480 2264 Partem
1507 2223 1713 2265 tantum

697 2291 972 2345 minimam
985 2328 1002 2356 ,
1015 2309 1183 2344 unum
1207 2291 1404 2344 librum
1424 2291 1711 2345 contexuit.

695 2370 768 2423 Et
790 2384 932 2424 certe
957 2390 1066 2423 non
1097 2371 1213 2423 vult
1241 2371 1462 2424 innuere
1492 2390 1546 2424 se
1568 2389 1713 2423 com·

698 2451 982 2504 menterios
1007 2451 1237 2520 integros
1255 2450 1370 2504 aliis
1392 2463 1714 2504 commenta·

696 2529 790 2583 riis
804 2527 1081 2583 addidisse.
1098 2529 1239 2582 Dicit
1248 2547 1304 2582 se
1323 2531 1715 2585 commentariis

700 2610 919 2661 Caesaris
946 2608 1016 2661 de
1055 2608 1212 2661 rebus
1247 2610 1403 2680 gestis
1442 2610 1502 2662 in
1542 2610 1714 2662 Gallia

694 2687 895 2740 librum
918 2685 1204 2750 addidisse,
1222 2706 1332 2759 quo
1349 2689 1434 2741 isti
1451 2708 1716 2742 commen-

696 2767 817 2820 tarii
847 2767 1066 2839 perfecti
1096 2779 1267 2820 essent
1297 2781 1351 2820 et
1379 2769 1638 2834 absoluti3
1660 2783 1713 2822 et

694 2845 932 2917 modeste
959 2847 1153 2900 fatetur
1188 2847 1334 2901 hunc
1367 2848 1566 2901 librum
1603 2867 1712 2901 non

693 2946 805 2982 esse
878 2924 1292 3000 comparandum
1351 2928 1713 3000 superioribus

692 3005 930 3077 ejusdem
972 3007 1189 3061 Caesaris
1236 3009 1442 3079 scriptis
1479 3003 1713 3080 (septem

691 3088 962 3158 prioribus
986 3087 1137 3140 libris
1163 3084 1231 3140 de
1264 3087 1393 3141 Bell.
1423 3080 1595 3151 Gan.)
1612 3127 1627 3153 ,
1661 3102 1714 3141 et

690 3166 1088 3237 insequentibus
1103 3160 1245 3229 (scil.
1272 3168 1442 3220 tribus
1466 3165 1535 3221 de
1566 3168 1713 3221 Bello

691 3244 805 3299 civ.
835 3242 874 3309 ).
917 3246 1144 3299 Restitui
1189 3246 1470 3299 lectionem
1514 3246 1713 3301 codicis

692 3325 866 3377 Oxon.
891 3325 972 3378 XI
1030 3325 1238 3390 saeculi,
1265 3326 1359 3397 qui
1386 3326 1442 3378 in
1464 3328 1712 3381 omnibns

685 3405 799 3457 sere
813 3403 1130 3457 lectionibus
1140 3406 1402 3457 consentit
1413 3424 1536 3458 cum
1550 3425 1715 3459 mem-

683 3483 867 3537 branis
897 3481 1285 3548 Menudianis,
1323 3503 1416 3537 scu
1445 3483 1673 3539 Audinis
1693 3523 1710 3551 ,

687 3582 817 3635 quas
843 3564 1037 3635 passim
1056 3563 1274 3615 summis
1295 3562 1540 3617 laudibus
1568 3564 1710 3618 Gro-

688 3644 878 3697 novius
905 3644 1090 3707 effert,
1116 3660 1339 3714 quasque
1362 3661 1488 3696 cum
1516 3645 1711 3697 nostris

688 3720 896 3777 duobus
917 3719 1075 3776 codd.
1108 3740 1248 3793 regg.
1286 3722 1438 3792 5763
1466 3737 1520 3776 et
1553 3724 1705 3795 5764

683 3804 816 3855 noni
850 3814 903 3857 et
928 3799 1123 3855 decimi
1160 3803 1334 3854 saeculi
1364 3804 1706 3857 conveniunt.

686 3882 855 3935 Porro
880 3900 941 3935 ea
958 3895 1038 3935 est
1054 3881 1213 3934 lectio
1229 3879 1426 3936 codicis
1444 3883 1711 3936 Oxonien-

684 3961 758 4014 sis
784 3981 797 4014 :
833 3960 1044 4015 Coesaris
1073 3968 1226 4014 nostre·
1250 3968 1607 4017 commentarios
1638 3984 1710 4015 re-

686 4058 790 4092 rum
797 4054 1038 4111 gestarum
1057 4040 1240 4096 Gallie
1257 4062 1351 4094 non
1377 4044 1709 4115 conquat-andis

685 4121 1010 4190 superioribus·
1036 4133 1181 4194 atque
1224 4123 1570 4196 insequentibus
1606 4127 1706 4193 ejus

684 4201 871 4268 see-aptes
904 4206 1137 4261 comzm'.
1157 4201 1228 4257 Et
1249 4203 1326 4255 sic
1352 4203 1704 4274 interpretor:

1800 1265 1873 1306 etc
1908 1293 1925 1317 ,
1953 1273 2077 1307 cum
2107 1255 2220 1308 aliis
2249 1255 2459 1327 scriptis
2503 1274 2600 1305 non
2629 1274 2819 1325 conpa-

1801 1334 1966 1386 randis
1993 1353 2099 1405 sup.
2122 1348 2264 1407 atque
2289 1337 2377 1402 insi
2410 1337 2512 1405 ejus
2536 1330 2558 1396 (
2572 1330 2821 1398 Cael-is)

1799 1414 2817 1486 swutContexerelegipossesineprae·
2878 1439 2885 1450 ¹

1799 1493 2050 1566 position.
2061 1514 2181 1557 cum,
2195 1493 2252 1546 id
2261 1494 2479 1546 minime
2488 1492 2710 1546 dubium
2722 1506 2813 1547 est.

1800 1572 1998 1626 Tibull.
2031 1573 2067 1626 l.
2102 1591 2203 1639 111,
2235 1575 2300 1627 el.
2327 1580 2392 1637 4,
2418 1571 2554 1626 dixit
2579 1574 2687 1625 luia
2705 1593 2814 1625 eon-

1802 1663 1957 1704 teaeere
1971 1654 2281 1706 amar-anthes.
2295 1654 2364 1705 Et
2374 1651 2505 1706 alibi
2516 1653 2653 1705 hanc
2664 1643 2819 1724 phi-s·

1801 1732 1900 1785 sim
1923 1731 2037 1786 vidi
2063 1751 2079 1785 ε
2114 1733 2388 1806 Antequam
2413 1736 2464 1784 in
2492 1737 2681 1785 navium
2706 1753 2815 1784 usus

1801 1811 1991 1864 arbores
2005 1813 2281 1885 firrmnque
2292 1816 2615 1874 accessissent,
2633 1816 2819 1885 antiqu

1801 1892 1992 1964 cymbas
2026 1912 2218 1963 papyro
2268 1897 2487 1945 canm'soe
2523 1892 2816 1962 palustribus

1800 1984 2150 2025 contexuerunt.
2195 1972 2392 2026 Nostro
2435 1983 2613 2024 autem
2660 1974 2779 2025 loco
2800 2012 2819 2037 ,

1801 2052 2101 2106 translative
2125 2050 2321 2105 dicitur
2337 2056 2691 2105 commater-ios
2703 2072 2814 2104 eoa-

1803 2135 1935 2183 texui
1943 2132 2056 2183 aliis
2072 2135 2286 2203 serioris,
2298 2152 2399 2204 pro
2409 2136 2634 2185 contexui
2640 2138 2815 2204 scriptu

1802 2231 1905 2262 mea
1950 2215 2291 2263 commentariis
2343 2211 2392 2266 C
2387 2216 2581 2273 cesaris,
2625 2225 2714 2265 etc.
2760 2212 2812 2265 Si

1800 2310 1909 2343 non
1938 2291 2142 2361 phrasis
2174 2302 2354 2344 nostra
2378 2311 2442 2344 ex
2484 2291 2631 2344 omni
2670 2304 2813 2364 parte

1799 2370 1954 2443 plana
1983 2384 2059 2423 est
2098 2384 2151 2424 et
2181 2371 2518 2436 absolutsgat
2546 2385 2691 2424 certe
2706 2390 2805 2425 non

1798 2448 1999 2503 recedit
2029 2470 2059 2502 a
2086 2452 2313 2522 genuim
2342 2451 2617 2504 latinitate.

1882 2536 1933 2595 4.
1965 2529 2139 2583 Rerum
2160 2532 2405 2601 gestarum
2428 2529 2629 2587 Gallae.
2653 2532 2730 2584 Ita
2745 2532 2809 2584 le-

1797 2609 1942 2682 gitur
1970 2609 2111 2682 apud
2143 2629 2325 2664 omnes
2357 2608 2535 2676 codd.,
2562 2611 2809 2663 Patavino

1799 2703 2017 2761 excepto
2032 2729 2048 2756 ,
2076 2692 2135 2743 in
2162 2691 2357 2762 quibus
2384 2702 2492 2744 tres
2519 2691 2633 2743 istae
2662 2710 2808 2744 voces

1798 2768 2182 2824 desiderantur.
2208 2770 2414 2829 Gallice,
2441 2770 2498 2823 id
2514 2783 2594 2824 est
2618 2770 2811 2824 inGal·

1796 2851 1967 2915 lia,ut
1996 2848 2193 2903 dicitnr
2224 2869 2306 2922 sp.
2330 2850 2536 2904 Sallust.
2570 2851 2693 2922 Jug.
2723 2851 2811 2915 33,

1798 2929 2064 2992 Nmmdioe,
2100 2950 2199 3001 pro
2224 2931 2283 2983 in
2306 2928 2587 2994 Numidia,
2616 2943 2672 2983 et
2696 2949 2811 3002 pas-

1798 3008 1897 3061 sim
1912 3007 2052 3080 apud
2069 3023 2271 3063 veteres
2283 3045 2300 3073 ,
2314 3009 2501 3062 militioe
2511 3050 2527 3072 ‚
2544 3010 2690 3062 domi.
2707 3011 2813 3063 Cn·

1797 3100 1969 3143 terum
1986 3087 2174 3143 durior
2200 3088 2360 3161 paulo
2384 3087 2600 3143 videtur
2623 3090 2720 3142 ists
2742 3090 2813 3141 lo-

1796 3181 1957 3221 cutio.

1881 3248 1931 3301 5.
1964 3248 2384 3321 Novissisnumque.
2406 3246 2470 3301 Id
2493 3262 2570 3302 est
2594 3267 2723 3318 opus
2737 3245 2806 3299 de

1798 3327 1928 3381 Bell.
1968 3328 2084 3382 civ.
2118 3326 2264 3399 quod
2302 3341 2445 3380 certe
2476 3340 2800 3380 notnttnam

1797 3404 1863 3458 ad
1889 3407 2050 3460 finem
2077 3408 2218 3461 tertii
2246 3407 2369 3460 libri
2397 3405 2467 3460 de
2488 3408 2629 3461 Bello
2648 3406 2798 3459 civil.

1796 3485 2021 3539 dicitur:
2037 3488 2163 3539 Hoec
2183 3491 2323 3539 initia
2354 3487 2467 3538 belli
2489 3485 2809 3540 Aletandn‘ni

1784 3569 1940 3633 ficere.
1975 3567 2207 3638 Vulgntt.
2227 3565 2377 3620 editt.
2399 3567 2599 3620 hahent
2625 3569 2811 3619 novissi·

1796 3666 1955 3718 meque
2003 3647 2289 3717 inpar-ficta.
2322 3646 2443 3699 Non
2488 3645 2810 3699 sollicitanda

1793 3739 1871 3779 est
1885 3737 2064 3779 nostra
2077 3726 2261 3793 lectio,
2272 3744 2391 3796 qua
2401 3727 2539 3779 bene
2550 3745 2608 3778 se
2626 3727 2781 3779 habet
2793 3763 2809 3791 ,

1793 3817 1848 3857 et
1870 3805 2209 3877 sequentibus
2235 3806 2481 3860 cohaeret.

1868 3888 1900 3938 6
1907 3925 1920 3938 .
1928 3885 2079 3954 Cujus
2076 3883 2229 3956 finem
2238 3887 2420 3938 rmllmn
2430 3886 2667 3938 videmus.
2678 3884 2806 3938 Nam

1791 3977 1913 4036 post
1925 3965 2144 4018 Caesaris
2159 3964 2376 4031 cedem,
2392 3965 2533 4019 belle
2549 3964 2726 4018 civilia
2736 3964 2810 4017 in·

1793 4056 1874 4097 ter
1901 4043 2196 4098 Antonium
2229 4059 2281 4099 et
2313 4048 2614 4116 conjuratos
2628 4083 2646 4111 ,
2676 4046 2809 4097 inter

1792 4123 2077 4177 Octnvium
2119 4137 2175 4178 et
2222 4125 2515 4178 Antonium
2562 4125 2808 4177 continua

1791 4221 1943 4274 paene
1969 4204 2134 4257 suere.
