3111 5147
689 516 832 589 302
998 518 1075 585 c.
1129 517 1410 585 JULII
1467 468 1935 584 cAESAffls
1986 514 2541 587 coMMENT.

680 674 919 746 agmen
975 663 1408 744 receperunt:
1447 647 1687 742 quibus
1744 646 2106 741 profligatis
2135 700 2156 734 ,
2201 672 2433 717 rursus
2496 643 2821 742 oppidani

680 757 1011 852 perterriti
1053 755 1566 850 comprehensos
1597 779 1711 824 eos
1729 807 1749 841 ,
1786 778 2070 848 quorum
2106 778 2311 849 opera
2346 752 2607 848 plebem
2648 776 2819 823 con-

681 865 948 932 citatam
987 860 1445 931 existimabant
1462 913 1482 949 ,
1510 860 1594 928 ad
1630 863 1962 930 Caesarem
1993 859 2446 955 perduxerunt
2468 857 2513 949 ²,
2543 882 2822 953 seseque

680 971 740 1038 ei
774 968 1182 1039 dediderunt.
1220 967 1481 1056 Quibus
1513 965 1710 1037 rebus
1742 966 2059 1036 confectis
2080 1020 2099 1054 ‚
2127 969 2350 1036 Caesar
2374 967 2459 1035 ad
2487 965 2816 1060 oppidum

678 1076 1076 1160 Avaricum,
1106 1071 1287 1167 quod
1315 1087 1458 1141 erat
1489 1074 1850 1142 maximum
1888 1074 2521 1191 munitissimumque
2559 1074 2627 1141 in
2662 1070 2811 1140 fini-

677 1179 806 1250 bus
853 1179 1271 1273 Biturigum,
1309 1193 1506 1273 atque
1538 1181 1682 1275 agri
1710 1178 2100 1249 fertilissima
2126 1181 2431 1275 regione,
2471 1177 2811 1308 profectus

678 1301 817 1373 est;
860 1285 1078 1380 quod,
1115 1309 1197 1354 eo
1250 1284 1496 1379 oppido
1548 1299 1863 1380 receptu,
1901 1286 2233 1355 civitatem
2284 1268 2692 1378 Biturigum³
2740 1308 2809 1354 se

679 1392 748 1460 in
787 1405 1177 1487 potestatem
1218 1389 1638 1461 redacturum
1672 1390 2066 1461 confidebat.

784 1500 970 1567 XIV.
999 1498 1500 1592 Vercingetorix
1518 1551 1538 1584 ,
1575 1512 1675 1566 tot
1709 1494 2038 1567 continuis
2070 1495 2503 1569 incommodis
2539 1494 2808 1567 Vellau-

680 1604 981 1691 nodum,
1019 1603 1280 1673 Genabi
1303 1656 1324 1691 ,
1370 1603 1752 1674 Novioduni
1790 1605 2124 1698 acceptis,
2149 1629 2301 1675 suos
2330 1603 2415 1672 ad
2455 1602 2806 1674 concilium

678 1725 1022 1781 convocat.
1063 1713 1326 1797 Docet,
1367 1739 1401 1775 α
1432 1709 1628 1806 longe
1660 1708 1788 1780 alia
1822 1714 2077 1779 ratione
2112 1734 2252 1781 esse
2292 1708 2533 1779 bellum
2574 1734 2803 1804 geren·

677 1816 839 1885 dum
861 1831 1111 1910 ,atque
1165 1831 1357 1885 antea
1405 1818 1489 1885 sit
1542 1831 1842 1911 gestum.
1885 1816 2191 1887 omnibus
2239 1814 2451 1886 modis
2504 1816 2663 1886 huic
2712 1815 2807 1884 rei

678 1921 1141 2009 studendumss
1176 1937 1251 1990 ut
1285 1921 1702 2017 pabulatione
1740 1940 1807 1993 et
1845 1937 2219 1993 commeatu
2260 1923 2545 1992 Romani
2583 1922 2806 2016 prohi-

678 2026 974 2107 beantur.
1020 2027 1104 2097 Id
1156 2052 1296 2097 esse
1347 2027 1536 2097 facile
1568 2082 1588 2118 ‚
1642 2030 1820 2123 quod
1869 2018 2207 2125 equitatu²
2253 2031 2375 2124 ipsi
2425 2028 2766 2097 abundent
2785 2079 2805 2114 ,

1784 2213 1885 2265 niti
1900 2250 1917 2278 ,
1942 2211 2088 2284 quod
2104 2212 2187 2266 vel
2209 2213 2310 2265 iter
2339 2212 2626 2284 incaptum
2643 2222 2803 2264 retar-

1783 2291 1933 2346 daret
1953 2331 1969 2358 ,
2000 2293 2083 2345 vel
2114 2290 2330 2364 aliquod
2364 2289 2803 2363 impedimentum

1784 2370 1851 2425 ad
1864 2373 2188 2426 cibariorum
2200 2372 2633 2426 transvectionem
2647 2372 2801 2424 affet-

1784 2465 1865 2504 ret
1895 2449 2043 2524 (cap.
2086 2471 2153 2505 10
2182 2465 2234 2505 et
2273 2470 2294 2503 1
2314 2471 2359 2507 1.
2377 2448 2416 2517 ).
2445 2450 2614 2521 Captis
2628 2449 2791 2520 igitur

1782 2532 2012 2585 vicissim
2029 2530 2440 2585 Vellaunoduno
2455 2569 2471 2597 ,
2489 2529 2722 2594 Genabo,
2741 2541 2798 2582 et

1784 2610 2611 2682 Novioduno,Ve1-cingetorigem
2630 2610 2697 2662 ab
2705 2628 2798 2682 op-

763 2229 812 2262 2.
853 2210 1201 2263 Pet-duxerunt.
1243 2210 1362 2264 Scil.
1396 2211 1697 2264 Pron-actos

675 2309 707 2344 e
747 2290 961 2343 latebris
997 2289 1064 2343 ad
1109 2292 1365 2344 Caesarem
1392 2291 1608 2361 publico
1637 2292 1694 2343 in

676 2384 957 2442 conspeetu
1002 2369 1281 2424 duxerunt.
1318 2371 1421 2424 Alii
1449 2372 1695 2441 produce·

684 2463 811 2502 runt.
846 2450 1063 2503 Praestat
1087 2450 1243 2503 lectio
1269 2450 1496 2521 vulgata.

671 2524 680 2529 ’
763 2529 814 2583 3.
851 2528 1101 2582 Civitatem
1139 2529 1415 2599 Ba'tura'gum
1447 2549 1496 2581 se
1528 2531 1579 2580 in
1601 2549 1695 2600 po·

679 2620 917 2673 testatem,
948 2620 1036 2661 etc.
1067 2607 1310 2661 Notanda
1341 2610 1393 2661 h.
1427 2609 1464 2662 l.
1492 2628 1694 2662 summa

679 2686 737 2740 in
756 2686 958 2739 Caesare
988 2686 1065 2738 rei
1097 2687 1337 2740 militaris
1356 2687 1545 2760 peritia
1562 2728 1578 2754 ,
1600 2690 1694 2760 qui

677 2765 812 2820 nihil
833 2766 1058 2818 fortunae
1081 2766 1319 2837 reliquit,
1341 2786 1512 2840 neque
1533 2769 1695 2821 ullam

677 2845 856 2898 omisit
867 2845 1154 2911 rationem,
1170 2865 1285 2917 quae
1307 2845 1372 2898 ad
1395 2847 1554 2900 finem
1575 2867 1697 2918 pro-

671 2925 907 2997 positum
923 2945 1038 2978 rem
1053 2924 1382 2998 perduceret.
1403 2925 1574 2979 Caesar
1585 2926 1694 2997 pri-

675 3024 767 3058 mo
788 3004 842 3057 in
862 3004 1029 3077 ipsam
1046 3007 1406 3059 Arvernorum
1421 3005 1695 3078 regionem

676 3083 803 3137 belli
833 3104 1092 3138 summam
1121 3083 1484 3139 transduxerat
1503 3081 1570 3146 (c.
1608 3083 1691 3151 8);

677 3162 870 3218 deinde
898 3202 915 3230 ,
959 3164 1390 3236 Vercingetorige
1436 3165 1691 3218 Boiorum

673 3242 934 3316 oppidum
960 3256 1296 3316 oppugnante
1311 3282 1327 3309 ,
1345 3263 1405 3296 ea
1421 3263 1490 3297 sc.
1515 3256 1692 3296 mente

675 3334 738 3394 ut
765 3321 951 3378 AEduis
976 3323 1232 3394 sociisque
1262 3342 1444 3375 eorum
1463 3360 1480 3388 ,
1511 3342 1566 3375 se
1597 3321 1689 3375 ad-

673 3421 853 3458 versus
883 3404 1148 3455 Romanos
1192 3399 1492 3455 declarandi
1540 3421 1689 3455 occa-

673 3480 878 3535 sionem
906 3482 1189 3552 praeberet,
1211 3493 1264 3533 et
1281 3480 1494 3534 hostiles
1512 3482 1689 3554 copias

673 3557 1008 3628 distraheret,
1025 3558 1168 3633 quod
1185 3579 1307 3614 sane
1325 3580 1435 3614 non
1453 3574 1689 3616 contem-

673 3639 838 3694 nendi
857 3639 1005 3706 ducis
1030 3653 1144 3694 erat
1169 3635 1191 3701 (
1204 3659 1250 3693 c.
1287 3660 1320 3712 9
1335 3636 1384 3706 ),
1408 3641 1582 3716 Cqsar
1610 3661 1691 3696 ce·

672 3719 854 3774 leriter
885 3719 953 3772 ad
981 3718 1279 3773 AEduorum
1310 3719 1563 3774 auxilium
1594 3719 1688 3774 ad-

673 3800 845 3867 volat3
873 3800 934 3854 in
964 3797 1020 3853 id
1050 3800 1222 3871 ipsum
1255 3799 1515 3866 intentus,
1545 3812 1604 3853 ut
1630 3801 1686 3853 in

674 3880 1158 3952 Vercingetorigem
1185 3878 1474 3946 incidat‚et
1501 3878 1688 3934 adver·

671 3978 761 4013 sus
790 3979 912 4013 eum
935 3960 1058 4015 totis
1074 3959 1322 4033 confligat
1344 3961 1561 4016 viribus.
1584 3957 1689 4016 Sed

674 4058 778 4115 qua
809 4053 979 4095 tamen
1009 4039 1320 4113 prudentia,
1346 4053 1405 4094 ut
1432 4059 1689 4095 commea·

674 4118 815 4172 tibus
842 4118 1146 4192 provideret
1161 4158 1180 4188 ,
1210 4139 1270 4176 ac
1302 4120 1438 4174 nihil
1464 4139 1604 4193 pone
1631 4138 1687 4175 se

669 4198 994 4270 relinqueret
1016 4198 1241 4274 oppidi,
1283 4201 1536 4279 tantisper
1573 4219 1688 4254 mu·

1783 2692 2107 2763 pugnatione
2137 2691 2393 2752 Boiorum
2416 2688 2602 2762 oppidi
2635 2688 2797 2742 desis-

1786 2783 1991 2836 tere,et
2021 2768 2089 2821 ad
2112 2770 2276 2842 ipsius
2303 2769 2515 2823 Avarici
2544 2767 2798 2823 defensio-

1780 2868 1905 2902 nem
1950 2867 2222 2901 accurrere
2272 2849 2427 2920 cogit.
2475 2849 2599 2901 Haec
2636 2849 2793 2920 igitur

1779 3019 1833 3058 et
1862 3004 2184 3060 meditentur
2210 3006 2611 3060 accuratissime.

1860 3087 1987 3139 Cu’.
2003 3085 2155 3138 XIV.
2180 3104 2226 3137 1.
2261 3085 2494 3139 Omnibus
2520 3086 2671 3138 modis
2691 3087 2800 3138 huic

1780 3169 1852 3215 rei
1864 3165 2159 3216 studendum.
2190 3165 2374 3236 Veget.
2400 3166 2435 3219 l.
2462 3184 2563 3232 111,
2582 3185 2695 3238 cap.
2722 3167 2753 3220 3
2781 3184 2796 3218 :

1779 3243 1840 3294 In
1861 3248 1990 3296 omm'
2008 3244 2300 3316 exlaeditione
2322 3265 2461 3297 unum
2476 3256 2525 3294 et
2538 3251 2799 3297 marimum

1780 3324 1920 3375 telum
1942 3336 2013 3376 est
2024 3363 2039 3386 ,
2060 3337 2111 3376 ut
2127 3321 2427 3395 tibt'sufficiat
2435 3328 2584 3374 victus
2596 3361 2614 3389 ,
2631 3324 2794 3374 hostes

1768 3402 1980 3473 frangat
1990 3396 2149 3474 iriopt'a
2153 3444 2281 3457 .....
2300 3404 2534 3457 Proeema
2560 3403 2795 3474 quicquid

1779 3487 1827 3534 ia
1835 3503 2005 3553 pecore
2016 3522 2031 3545 ‚
2053 3484 2137 3534 vel
2169 3502 2447 3556 quacumque
2464 3483 2611 3552 fruge
2640 3486 2789 3534 vino-

1777 3582 1866 3635 que
1881 3600 1897 3627 ,
1915 3563 2056 3614 hostis
2092 3563 2294 3630 infit-ens
2317 3563 2481 3616 benum
2512 3561 2580 3613 ad
2604 3566 2790 3615 victum

1776 3662 1909 3694 suum
1924 3648 2108 3713 poterit
2126 3663 2354 3714 occupare
2365 3684 2381 3706 ,
2416 3661 2508 3694 non
2528 3641 2678 3694 solum
2700 3641 2790 3694 ad-

1777 3726 1964 3774 monitis
1996 3743 2086 3794 per
2114 3724 2269 3775 edicta
2298 3722 2641 3793 possessoribus
2652 3761 2669 3783 ‚
2710 3723 2799 3774 sed

1776 3805 1916 3854 etiam
1930 3806 2105 3856 coactis
2118 3822 2210 3873 per
2224 3801 2390 3854 electos
2396 3814 2718 3873 prosecutores
2727 3802 2798 3852 ad

1776 3882 1972 3934 castella
2008 3882 2177 3936 idonea
2204 3894 2254 3933 et
2281 3894 2569 3934 armatorum
2590 3881 2795 3952 firmata

1768 3960 2036 4031 prce-cidiis,
2065 3962 2151 4013 vel
2171 3962 2241 4013 ad
2268 3966 2523 4015 tutissimas
2550 3963 2793 4030 conset-eu-

1774 4040 1887 4092 dum
1915 4053 1986 4093 est
2011 4063 2097 4094 σινι
2082 4046 2236 4096 i.tates

1860 4141 1911 4174 π.
1939 4121 2087 4190 Quod
2096 4125 2322 4194 equztatu
2338 4119 2587 4191 Bongars.
2604 4083 2797 4174 Noster

1776 4202 1841 4253 R.
1873 4201 2045 4270 5763,
2055 4201 2180 4256 etal.
2184 4200 2443 4260 habentut
2458 4204 2602 4274 equit.
2619 4200 2793 4266 Quam
