3111 5147
749 535 901 622 480
1009 530 1604 603 DISSERTATIO
1656 531 1783 601 DE
1836 530 2079 599 URBE
2108 526 2638 601 'AGENDICQ

745 691 886 739 esse
908 670 1231 752 Promis,
1264 679 1333 734 et
1366 662 1600 733 urbem
1625 664 1964 733 Senonum
1999 686 2141 733 esse
2172 665 2379 750 sens,
2418 663 2506 732 ab
2542 661 2659 732 illo
2702 687 2883 758 pror·

748 798 859 843 sus
908 770 1284 843 dissimilem
1328 785 1398 840 et
1444 784 1815 854 remotam3
1860 769 2037 838 hane
2081 772 2151 838 in
2196 717 2415 838 medio
2460 771 2785 857 civitatis,
2825 784 2893 838 et

746 894 948 976 eaput
983 880 1229 975 gentis;
1272 875 1434 946 illud
1474 822 1817 948 castellurri
1859 874 2184 970 aliquod
2165 901 2234 945 m
2274 877 2613 946 Senonum
2651 876 2895 947 finibus

744 1002 898 1056 ante
948 989 986 1055 J
989 984 1277 1055 ulianam
1325 984 1863 1079 expeditionem.
1920 1007 2076 1052 mm
2128 984 2291 1055 situs
2332 982 2519 1052 urbis
2568 985 2890 1071 Ρνονὺυ,

746 1094 841 1162 uti
899 1115 1098 1186 supra
1154 1090 1619 1185 descripsimus
1633 1144 1653 1179 ,
1702 1089 2002 1185 apprime
2057 1091 2372 1161 convenit
2430 1089 2682 1185 oppido
2726 1088 2893 1159 Gal-

747 1196 876 1268 lico
905 1252 925 1286 ,
951 1195 1169 1292 qualia
1204 1195 1673 1267 describuntur
1707 1194 2027 1266 nonnulla
2056 1250 2076 1285 ,
2109 1193 2316 1266 veluti
2350 1197 2895 1291 Bratuspantium

745 1302 1250 1375 Bellovacorum
1275 1353 1295 1386 ‚
1341 1304 1678 1398 Gergovia
1712 1306 2167 1374 Arvernorum
2185 1354 2204 1388 ‚
2234 1299 2452 1371 Alesia
2489 1302 2892 1373 Mandubio-

743 1434 892 1488 rum
907 1463 927 1498 ,
947 1409 1352 1506 Lugdunum
1377 1411 1890 1504 Segusianorum
1903 1462 1923 1496 ,
1951 1408 2275 1480 Aduatica
2301 1408 2699 1478 Eburonum
2714 1462 2735 1496 ,
2764 1423 2884 1479 etc.

743 1541 890 1611 quae
938 1516 1218 1612 oppida,
1266 1514 1530 1587 castella
1555 1531 1766 1586 erant
1815 1518 2036 1612 potius
2083 1539 2285 1611 quam
2325 1514 2556 1605 urbes,
2596 1515 2683 1583 ad
2719 1540 2883 1584 eon-

748 1623 1027 1693 fluentes
1069 1622 1463 1710 fluviorum,
1504 1623 1738 1706 aut,in
1778 1621 2036 1710 insuliS,
2082 1637 2160 1691 ut
2196 1620 2534 1707 Condate,
2586 1624 2888 1711 Lutetia,

744 1728 1215 1817 Melodunum,
1257 1727 1363 1797 vel
1407 1729 1474 1797 in
1513 1727 1692 1798 silvis
1727 1728 2234 1823 impeditissimis
2264 1728 2511 1824 posita,
2541 1742 2663 1797 aut
2696 1726 2887 1823 palu-

745 1835 936 1905 dibus
975 1834 1366 1930 plerumque
1393 1835 1832 1921 circumdata,
1862 1848 1938 1903 ut
1975 1833 2243 1905 castella
2276 1836 2684 1904 Nerviorum
2699 1888 2721 1921 ,
2744 1837 2889 1905 Mo-

745 1942 1077 2029 rinorum,
1118 1942 1476 2010 Avaricum
1527 1943 1898 2037 Biturigum
1918 1994 1938 2028 ,
1976 1955 2099 2011 etc.
2152 1943 2239 2011 Et
2278 1939 2347 2010 id
2389 1965 2528 2009 non
2580 1941 2888 2037 impedit,

744 2048 1098 2141 quominus
1153 2048 1223 2116 in
1273 2045 1493 2115 medio
1552 2049 1837 2143 regionis
1895 2045 2044 2118 loeo
2097 2048 2296 2117 urbes
2350 2047 2713 2117 habuerint
2731 2101 2753 2135 ,
2796 2075 2891 2117 ses

745 2152 862 2224 des
918 2155 1284 2249 praecipuas
1299 2207 1319 2241 ,
1355 2168 1424 2223 et
1478 2155 1796 2250 cujusque
1860 2156 2073 2248 gentis
2129 2156 2341 2249 capita
2363 2208 2383 2242 ,
2426 2153 2549 2222 ubi·
2600 2154 2890 2224 sederint

746 2284 966 2355 reges,
1001 2259 1241 2351 dueeS,
1280 2260 1665 2355 optimates,
1710 2275 1779 2329 et
1824 2274 2231 2349 conventus,
2271 2258 2483 2355 qualis
2538 2260 2715 2330 forte
2769 2262 2890 2331 fuit

746 2366 907 2436 urbs
964 2368 1303 2436 Senonum
1362 2366 1447 2436 de
1505 2391 1640 2462 qua
1695 2391 1875 2437 nune
1927 2369 2167 2462 agium·
2194 2369 2325 2437 ‘De
2379 2367 2789 2453 Senonibus,
2822 2382 2890 2438 et

746 2496 979 2541 eorum
1012 2471 1390 2560 clientibus,
1421 2472 1825 2564 confinibus,
1853 2475 2080 2562 sociis,
2114 2473 2266 2543 vide
2293 2472 2586 2544 indicem
2612 2497 2887 2571 geogra—

748 2578 1017 2673 phieum
1055 2579 1137 2648 ad
1175 2580 1348 2650 hane
1377 2602 1631 2649 vocem.
