<?xml version="1.0" encoding="UTF-8"?>
<!DOCTYPE html PUBLIC "-//W3C//DTD XHTML 1.0 Transitional//EN"
    "http://www.w3.org/TR/xhtml1/DTD/xhtml1-transitional.dtd">
<html xmlns="http://www.w3.org/1999/xhtml" xml:lang="en" lang="en">
 <head>
  <title>
</title>
<meta http-equiv="Content-Type" content="text/html;charset=utf-8" />
  <meta name='ocr-system' content='tesseract 3.04.00' />
  <meta name='ocr-capabilities' content='ocr_page ocr_carea ocr_par ocr_line ocrx_word'/>
</head>
<body>
  <div class='ocr_page' id='page_1' title='image "./caesaradbodices00caesgoog_0255.png"; bbox 0 0 3111 5147; ppageno 0'>
   <div class='ocr_carea' id='block_1_1' title="bbox 550 547 2369 630">
    <p class='ocr_par' dir='ltr' id='par_1_1' title="bbox 550 547 2369 630">
     <span class='ocr_line' id='line_1_1' title="bbox 550 547 2369 630; baseline 0.008 -15"><span class='ocrx_word' id='word_1_1' title='bbox 550 547 691 615; x_wconf 87' lang='lat' dir='ltr'><strong>DE</strong></span> <span class='ocrx_word' id='word_1_2' title='bbox 744 547 1092 616; x_wconf 92' lang='lat' dir='ltr'>BELLO</span> <span class='ocrx_word' id='word_1_3' title='bbox 1146 550 1642 620; x_wconf 90' lang='lat' dir='ltr'><strong>GALLICO.</strong></span> <span class='ocrx_word' id='word_1_4' title='bbox 1700 552 1888 622; x_wconf 92' lang='lat' dir='ltr'><strong>LIB.</strong></span> <span class='ocrx_word' id='word_1_5' title='bbox 1944 556 2028 624; x_wconf 86' lang='lat' dir='ltr'><strong>V.</strong></span> <span class='ocrx_word' id='word_1_6' title='bbox 2232 583 2369 630; x_wconf 81' lang='lat'><strong>221</strong></span> 
     </span>
    </p>
   </div>
   <div class='ocr_carea' id='block_1_2' title="bbox 242 675 2385 2588">
    <p class='ocr_par' dir='ltr' id='par_1_2' title="bbox 242 675 2385 2588">
     <span class='ocr_line' id='line_1_2' title="bbox 353 675 2380 777; baseline 0.005 -29"><span class='ocrx_word' id='word_1_7' title='bbox 353 675 605 748; x_wconf 83' lang='lat' dir='ltr'>XLIX.</span> <span class='ocrx_word' id='word_1_8' title='bbox 650 677 862 767; x_wconf 85' lang='lat' dir='ltr'><strong>Galli,</strong></span> <span class='ocrx_word' id='word_1_9' title='bbox 890 704 961 747; x_wconf 91' lang='lat' dir='ltr'><strong>re</strong></span> <span class='ocrx_word' id='word_1_10' title='bbox 997 682 1261 775; x_wconf 84' lang='lat' dir='ltr'><strong>cognita</strong></span> <span class='ocrx_word' id='word_1_11' title='bbox 1304 706 1425 775; x_wconf 89' lang='lat' dir='ltr'><strong>per</strong></span> <span class='ocrx_word' id='word_1_12' title='bbox 1458 677 1943 777; x_wconf 71' lang='lat' dir='ltr'>exploratores,</span> <span class='ocrx_word' id='word_1_13' title='bbox 1973 683 2380 759; x_wconf 80' lang='lat' dir='ltr'><strong>obsidionem</strong></span> 
     </span>
     <span class='ocr_line' id='line_1_3' title="bbox 245 783 2382 884; baseline 0.006 -31"><span class='ocrx_word' id='word_1_14' title='bbox 245 783 669 880; x_wconf 85' lang='lat' dir='ltr'><strong>relinquunt,</strong></span> <span class='ocrx_word' id='word_1_15' title='bbox 712 786 796 855; x_wconf 88' lang='lat' dir='ltr'><strong>ad</strong></span> <span class='ocrx_word' id='word_1_16' title='bbox 840 788 1171 856; x_wconf 66' lang='lat' dir='ltr'><strong>Caesarem</strong></span> <span class='ocrx_word' id='word_1_17' title='bbox 1214 788 1520 857; x_wconf 87' lang='lat' dir='ltr'><strong>omnibus</strong></span> <span class='ocrx_word' id='word_1_18' title='bbox 1566 793 1771 884; x_wconf 87' lang='lat' dir='ltr'><strong>copiis</strong></span> <span class='ocrx_word' id='word_1_19' title='bbox 1805 790 2257 884; x_wconf 86' lang='lat' dir='ltr'><strong>contendunt;</strong></span> <span class='ocrx_word' id='word_1_20' title='bbox 2289 821 2382 865; x_wconf 83' lang='lat' dir='ltr'><strong>eae</strong></span> 
     </span>
     <span class='ocr_line' id='line_1_4' title="bbox 242 892 2380 983; baseline 0.005 -23"><span class='ocrx_word' id='word_1_21' title='bbox 242 907 442 960; x_wconf 84' lang='lat' dir='ltr'><strong>crant</strong></span> <span class='ocrx_word' id='word_1_22' title='bbox 481 906 890 960; x_wconf 82' lang='lat' dir='ltr'><strong>armatorum</strong></span> <span class='ocrx_word' id='word_1_23' title='bbox 935 895 1196 962; x_wconf 88' lang='lat' dir='ltr'><strong>circiter</strong></span> <span class='ocrx_word' id='word_1_24' title='bbox 1238 892 1443 963; x_wconf 83' lang='lat' dir='ltr'><strong>millia</strong></span> <span class='ocrx_word' id='word_1_25' title='bbox 1486 897 1631 965; x_wconf 91' lang='lat' dir='ltr'><strong>LX.</strong></span> <span class='ocrx_word' id='word_1_26' title='bbox 1679 899 1951 983; x_wconf 90' lang='lat' dir='ltr'><strong>Cicero,</strong></span> <span class='ocrx_word' id='word_1_27' title='bbox 1984 899 2133 968; x_wconf 84' lang='lat' dir='ltr'><strong>data</strong></span> <span class='ocrx_word' id='word_1_28' title='bbox 2176 901 2380 970; x_wconf 83' lang='lat' dir='ltr'><strong>facul·</strong></span> 
     </span>
     <span class='ocr_line' id='line_1_5' title="bbox 249 996 2380 1098; baseline 0.005 -32"><span class='ocrx_word' id='word_1_29' title='bbox 249 1012 385 1066; x_wconf 82' lang='lat' dir='ltr'><strong>tate</strong></span> <span class='ocrx_word' id='word_1_30' title='bbox 405 996 452 1086; x_wconf 83' lang='lat'><strong>¹,</strong></span> <span class='ocrx_word' id='word_1_31' title='bbox 497 996 764 1067; x_wconf 80' lang='lat' dir='ltr'><strong>Gallum</strong></span> <span class='ocrx_word' id='word_1_32' title='bbox 807 999 902 1066; x_wconf 80' lang='lat' dir='ltr'><strong>ab.</strong></span> <span class='ocrx_word' id='word_1_33' title='bbox 934 999 1167 1068; x_wconf 86' lang='lat' dir='ltr'><strong>eodem</strong></span> <span class='ocrx_word' id='word_1_34' title='bbox 1197 1003 1552 1070; x_wconf 84' lang='lat' dir='ltr'><strong>Verticone</strong></span> <span class='ocrx_word' id='word_1_35' title='bbox 1571 1056 1589 1090; x_wconf 90' lang='lat'><strong>,</strong></span> <span class='ocrx_word' id='word_1_36' title='bbox 1611 1027 1807 1097; x_wconf 86' lang='lat' dir='ltr'><strong>quem</strong></span> <span class='ocrx_word' id='word_1_37' title='bbox 1840 1029 2041 1098; x_wconf 86' lang='lat' dir='ltr'><strong>supra</strong></span> <span class='ocrx_word' id='word_1_38' title='bbox 2076 1006 2380 1077; x_wconf 87' lang='lat' dir='ltr'><strong>demons-</strong></span> 
     </span>
     <span class='ocr_line' id='line_1_6' title="bbox 249 1099 2381 1200; baseline 0.007 -30"><span class='ocrx_word' id='word_1_39' title='bbox 249 1106 571 1188; x_wconf 69' lang='lat' dir='ltr'><strong>travimus</strong></span> <span class='ocrx_word' id='word_1_40' title='bbox 593 1103 639 1192; x_wconf 86' lang='lat'><strong>²,</strong></span> <span class='ocrx_word' id='word_1_41' title='bbox 668 1106 932 1200; x_wconf 90' lang='lat' dir='ltr'><strong>repetit,</strong></span> <span class='ocrx_word' id='word_1_42' title='bbox 960 1109 1072 1199; x_wconf 89' lang='lat' dir='ltr'><strong>qui</strong></span> <span class='ocrx_word' id='word_1_43' title='bbox 1103 1107 1349 1176; x_wconf 85' lang='lat' dir='ltr'><strong>litteras</strong></span> <span class='ocrx_word' id='word_1_44' title='bbox 1382 1107 1466 1175; x_wconf 90' lang='lat' dir='ltr'><strong>ad</strong></span> <span class='ocrx_word' id='word_1_45' title='bbox 1493 1110 1823 1178; x_wconf 82' lang='lat' dir='ltr'><strong>Caesarem</strong></span> <span class='ocrx_word' id='word_1_46' title='bbox 1860 1099 2170 1180; x_wconf 76' lang='lat' dir='ltr'><strong>referat³z</strong></span> <span class='ocrx_word' id='word_1_47' title='bbox 2201 1115 2381 1184; x_wconf 88' lang='lat' dir='ltr'><strong>hunc</strong></span> 
     </span>
     <span class='ocr_line' id='line_1_7' title="bbox 251 1210 2381 1312; baseline 0.006 -35"><span class='ocrx_word' id='word_1_48' title='bbox 251 1210 604 1296; x_wconf 76' lang='lat' dir='ltr'><strong>admonet,</strong></span> <span class='ocrx_word' id='word_1_49' title='bbox 655 1213 780 1278; x_wconf 90' lang='lat' dir='ltr'><strong>iter</strong></span> <span class='ocrx_word' id='word_1_50' title='bbox 828 1227 1020 1280; x_wconf 85' lang='lat' dir='ltr'><strong>caute</strong></span> <span class='ocrx_word' id='word_1_51' title='bbox 1083 1212 1553 1308; x_wconf 83' lang='lat' dir='ltr'><strong>diligenterque</strong></span> <span class='ocrx_word' id='word_1_52' title='bbox 1611 1215 1854 1286; x_wconf 82' lang='lat' dir='ltr'><strong>faciat.</strong></span> <span class='ocrx_word' id='word_1_53' title='bbox 1914 1220 2260 1312; x_wconf 83' lang='lat' dir='ltr'><strong>perscribit</strong></span> <span class='ocrx_word' id='word_1_54' title='bbox 2312 1224 2381 1290; x_wconf 86' lang='lat' dir='ltr'><strong>in</strong></span> 
     </span>
     <span class='ocr_line' id='line_1_8' title="bbox 253 1314 2381 1415; baseline 0.006 -32"><span class='ocrx_word' id='word_1_55' title='bbox 253 1314 525 1402; x_wconf 87' lang='lat' dir='ltr'><strong>litteris,</strong></span> <span class='ocrx_word' id='word_1_56' title='bbox 552 1317 776 1386; x_wconf 90' lang='lat' dir='ltr'><strong>hostes</strong></span> <span class='ocrx_word' id='word_1_57' title='bbox 805 1318 888 1386; x_wconf 85' lang='lat' dir='ltr'><strong>ab</strong></span> <span class='ocrx_word' id='word_1_58' title='bbox 917 1343 986 1387; x_wconf 90' lang='lat' dir='ltr'><strong>se</strong></span> <span class='ocrx_word' id='word_1_59' title='bbox 1027 1319 1427 1406; x_wconf 84' lang='lat' dir='ltr'><strong>discessisse,</strong></span> <span class='ocrx_word' id='word_1_60' title='bbox 1461 1346 1858 1415; x_wconf 88' lang='lat' dir='ltr'><strong>omnemque</strong></span> <span class='ocrx_word' id='word_1_61' title='bbox 1894 1324 1977 1391; x_wconf 85' lang='lat' dir='ltr'><strong>ad</strong></span> <span class='ocrx_word' id='word_1_62' title='bbox 2020 1349 2173 1394; x_wconf 90' lang='lat' dir='ltr'><strong>eum</strong></span> <span class='ocrx_word' id='word_1_63' title='bbox 2212 1325 2381 1396; x_wconf 90' lang='lat' dir='ltr'><strong>mul-</strong></span> 
     </span>
     <span class='ocr_line' id='line_1_9' title="bbox 251 1373 2383 1514; baseline 0.006 -24"><span class='ocrx_word' id='word_1_64' title='bbox 251 1423 600 1491; x_wconf 86' lang='lat' dir='ltr'><strong>titudinem</strong></span> <span class='ocrx_word' id='word_1_65' title='bbox 624 1413 1083 1494; x_wconf 70' lang='lat' dir='ltr'><strong>convertisse⁴.</strong></span> <span class='ocrx_word' id='word_1_66' title='bbox 1114 1426 1375 1514; x_wconf 83' lang='lat' dir='ltr'><strong>Quibus</strong></span> <span class='ocrx_word' id='word_1_67' title='bbox 1402 1373 1631 1495; x_wconf 81' lang='lat' dir='ltr'><strong>litteris</strong></span> <span class='ocrx_word' id='word_1_68' title='bbox 1656 1430 1918 1497; x_wconf 85' lang='lat' dir='ltr'><strong>circiter</strong></span> <span class='ocrx_word' id='word_1_69' title='bbox 1942 1431 2158 1499; x_wconf 86' lang='lat' dir='ltr'><strong>media</strong></span> <span class='ocrx_word' id='word_1_70' title='bbox 2188 1426 2383 1503; x_wconf 81' lang='lat' dir='ltr'><strong>nocte</strong></span> 
     </span>
     <span class='ocr_line' id='line_1_10' title="bbox 253 1527 2384 1628; baseline 0.005 -32"><span class='ocrx_word' id='word_1_71' title='bbox 253 1527 495 1617; x_wconf 77' lang='lat' dir='ltr'><strong>allatiS,</strong></span> <span class='ocrx_word' id='word_1_72' title='bbox 521 1533 759 1599; x_wconf 85' lang='lat' dir='ltr'><strong>Caesar</strong></span> <span class='ocrx_word' id='word_1_73' title='bbox 782 1555 935 1599; x_wconf 85' lang='lat' dir='ltr'><strong>suos</strong></span> <span class='ocrx_word' id='word_1_74' title='bbox 979 1530 1136 1601; x_wconf 83' lang='lat' dir='ltr'><strong>facit</strong></span> <span class='ocrx_word' id='word_1_75' title='bbox 1167 1535 1512 1601; x_wconf 81' lang='lat' dir='ltr'><strong>certiores</strong></span> <span class='ocrx_word' id='word_1_76' title='bbox 1494 1558 1785 1628; x_wconf 85' lang='lat' dir='ltr'><strong>,eosque</strong></span> <span class='ocrx_word' id='word_1_77' title='bbox 1821 1534 1905 1618; x_wconf 84' lang='lat' dir='ltr'><strong>ad</strong></span> <span class='ocrx_word' id='word_1_78' title='bbox 1937 1534 2384 1609; x_wconf 85' lang='lat' dir='ltr'><strong>dimicandum</strong></span> 
     </span>
     <span class='ocr_line' id='line_1_11' title="bbox 256 1637 2381 1734; baseline 0.004 -28"><span class='ocrx_word' id='word_1_79' title='bbox 256 1638 472 1706; x_wconf 80' lang='lat' dir='ltr'><strong>animo</strong></span> <span class='ocrx_word' id='word_1_80' title='bbox 503 1637 890 1705; x_wconf 81' lang='lat' dir='ltr'><strong>confirmat:</strong></span> <span class='ocrx_word' id='word_1_81' title='bbox 919 1653 1185 1732; x_wconf 88' lang='lat' dir='ltr'><strong>postero</strong></span> <span class='ocrx_word' id='word_1_82' title='bbox 1228 1638 1369 1726; x_wconf 90' lang='lat' dir='ltr'><strong>die,</strong></span> <span class='ocrx_word' id='word_1_83' title='bbox 1413 1637 1560 1708; x_wconf 91' lang='lat' dir='ltr'><strong>luce</strong></span> <span class='ocrx_word' id='word_1_84' title='bbox 1589 1643 1843 1734; x_wconf 87' lang='lat' dir='ltr'><strong>prima,</strong></span> <span class='ocrx_word' id='word_1_85' title='bbox 1868 1657 2094 1712; x_wconf 84' lang='lat' dir='ltr'><strong>movet</strong></span> <span class='ocrx_word' id='word_1_86' title='bbox 2123 1660 2381 1734; x_wconf 85' lang='lat' dir='ltr'><strong>castra,</strong></span> 
     </span>
     <span class='ocr_line' id='line_1_12' title="bbox 255 1742 2383 1875; baseline 0.005 -66"><span class='ocrx_word' id='word_1_87' title='bbox 255 1756 318 1810; x_wconf 90' lang='lat' dir='ltr'><strong>et</strong></span> <span class='ocrx_word' id='word_1_88' title='bbox 368 1745 632 1813; x_wconf 80' lang='lat' dir='ltr'><strong>circiter</strong></span> <span class='ocrx_word' id='word_1_89' title='bbox 673 1742 877 1875; x_wconf 60' lang='lat' dir='ltr'><strong>mi⁵llia</strong></span> <span class='ocrx_word' id='word_1_90' title='bbox 915 1769 1228 1864; x_wconf 78' lang='lat' dir='ltr'><strong>passuum</strong></span> <span class='ocrx_word' id='word_1_91' title='bbox 1263 1759 1548 1839; x_wconf 86' lang='lat' dir='ltr'><strong>quatuor</strong></span> <span class='ocrx_word' id='word_1_92' title='bbox 1582 1771 2001 1843; x_wconf 78' lang='lat' dir='ltr'><strong>progressuS,</strong></span> <span class='ocrx_word' id='word_1_93' title='bbox 2031 1763 2212 1819; x_wconf 88' lang='lat' dir='ltr'><strong>trans</strong></span> <span class='ocrx_word' id='word_1_94' title='bbox 2243 1749 2383 1819; x_wconf 80' lang='lat' dir='ltr'><strong>val-</strong></span> 
     </span>
     <span class='ocr_line' id='line_1_13' title="bbox 258 1836 2381 1985; baseline 0.005 -70"><span class='ocrx_word' id='word_1_95' title='bbox 258 1845 385 1916; x_wconf 91' lang='lat' dir='ltr'><strong>lem</strong></span> <span class='ocrx_word' id='word_1_96' title='bbox 427 1836 773 1945; x_wconf 81' lang='lat' dir='ltr'><strong>maguam⁵</strong></span> <span class='ocrx_word' id='word_1_97' title='bbox 806 1865 873 1919; x_wconf 89' lang='lat' dir='ltr'><strong>et</strong></span> <span class='ocrx_word' id='word_1_98' title='bbox 913 1853 1165 1939; x_wconf 88' lang='lat' dir='ltr'><strong>rivum,</strong></span> <span class='ocrx_word' id='word_1_99' title='bbox 1195 1851 1680 1922; x_wconf 89' lang='lat' dir='ltr'><strong>multitudinem</strong></span> <span class='ocrx_word' id='word_1_100' title='bbox 1723 1855 2012 1924; x_wconf 88' lang='lat' dir='ltr'><strong>hostium</strong></span> <span class='ocrx_word' id='word_1_101' title='bbox 2043 1858 2381 1985; x_wconf 87' lang='lat' dir='ltr'><strong>conspica-</strong></span> 
     </span>
     <span class='ocr_line' id='line_1_14' title="bbox 261 1906 2384 2058; baseline 0.005 -35"><span class='ocrx_word' id='word_1_102' title='bbox 261 1968 388 2022; x_wconf 86' lang='lat' dir='ltr'><strong>tur.</strong></span> <span class='ocrx_word' id='word_1_103' title='bbox 435 1959 593 2026; x_wconf 86' lang='lat' dir='ltr'><strong>Erat</strong></span> <span class='ocrx_word' id='word_1_104' title='bbox 633 1960 859 2053; x_wconf 81' lang='lat' dir='ltr'><strong>magni</strong></span> <span class='ocrx_word' id='word_1_105' title='bbox 910 1906 1183 2053; x_wconf 86' lang='lat' dir='ltr'><strong>periculi</strong></span> <span class='ocrx_word' id='word_1_106' title='bbox 1236 1984 1381 2047; x_wconf 88' lang='lat' dir='ltr'><strong>res,</strong></span> <span class='ocrx_word' id='word_1_107' title='bbox 1417 1983 1571 2027; x_wconf 89' lang='lat' dir='ltr'><strong>cum</strong></span> <span class='ocrx_word' id='word_1_108' title='bbox 1616 1963 1810 2030; x_wconf 78' lang='lat' dir='ltr'><strong>tantis</strong></span> <span class='ocrx_word' id='word_1_109' title='bbox 1854 1947 2103 2055; x_wconf 79' lang='lat' dir='ltr'><strong>copiis⁶</strong></span> <span class='ocrx_word' id='word_1_110' title='bbox 2158 1965 2384 2058; x_wconf 80' lang='lat' dir='ltr'><strong>iniquo</strong></span> 
     </span>
     <span class='ocr_line' id='line_1_15' title="bbox 262 2056 2383 2160; baseline 0.006 -33"><span class='ocrx_word' id='word_1_111' title='bbox 262 2056 414 2129; x_wconf 94' lang='lat' dir='ltr'><strong>loco</strong></span> <span class='ocrx_word' id='word_1_112' title='bbox 455 2062 779 2134; x_wconf 81' lang='lat' dir='ltr'><strong>dimicare.</strong></span> <span class='ocrx_word' id='word_1_113' title='bbox 823 2065 1036 2133; x_wconf 87' lang='lat' dir='ltr'><strong>Tum⁷</strong></span> <span class='ocrx_word' id='word_1_114' title='bbox 1042 2119 1061 2154; x_wconf 91' lang='lat'><strong>,</strong></span> <span class='ocrx_word' id='word_1_115' title='bbox 1090 2068 1400 2160; x_wconf 86' lang='lat' dir='ltr'><strong>quoniam</strong></span> <span class='ocrx_word' id='word_1_116' title='bbox 1427 2064 1776 2134; x_wconf 81' lang='lat' dir='ltr'><strong>liberatum</strong></span> <span class='ocrx_word' id='word_1_117' title='bbox 1809 2066 2151 2137; x_wconf 88' lang='lat' dir='ltr'><strong>obsidione</strong></span> <span class='ocrx_word' id='word_1_118' title='bbox 2194 2072 2383 2139; x_wconf 87' lang='lat' dir='ltr'><strong>Cice·</strong></span> 
     </span>
     <span class='ocr_line' id='line_1_16' title="bbox 261 2171 2385 2266; baseline 0.004 -30"><span class='ocrx_word' id='word_1_119' title='bbox 261 2191 494 2236; x_wconf 84' lang='lat' dir='ltr'><strong>ronem</strong></span> <span class='ocrx_word' id='word_1_120' title='bbox 537 2171 817 2259; x_wconf 85' lang='lat' dir='ltr'><strong>sciebat,</strong></span> <span class='ocrx_word' id='word_1_121' title='bbox 852 2197 1062 2266; x_wconf 90' lang='lat' dir='ltr'><strong>eoque</strong></span> <span class='ocrx_word' id='word_1_122' title='bbox 1103 2173 1377 2240; x_wconf 88' lang='lat' dir='ltr'><strong>omnino</strong></span> <span class='ocrx_word' id='word_1_123' title='bbox 1420 2172 1885 2240; x_wconf 88' lang='lat' dir='ltr'><strong>remittendum</strong></span> <span class='ocrx_word' id='word_1_124' title='bbox 1929 2173 2011 2242; x_wconf 92' lang='lat' dir='ltr'><strong>de</strong></span> <span class='ocrx_word' id='word_1_125' title='bbox 2055 2174 2385 2245; x_wconf 85' lang='lat' dir='ltr'><strong>celeritate</strong></span> 
     </span>
     <span class='ocr_line' id='line_1_17' title="bbox 257 2276 2384 2373; baseline 0.004 -32"><span class='ocrx_word' id='word_1_126' title='bbox 257 2276 670 2346; x_wconf 83' lang='lat' dir='ltr'><strong>existimabat</strong></span> <span class='ocrx_word' id='word_1_127' title='bbox 692 2332 712 2365; x_wconf 92' lang='lat'>‚</span> <span class='ocrx_word' id='word_1_128' title='bbox 759 2279 1092 2367; x_wconf 87' lang='lat' dir='ltr'><strong>consedit,</strong></span> <span class='ocrx_word' id='word_1_129' title='bbox 1135 2294 1232 2365; x_wconf 89' lang='lat' dir='ltr'><strong>et,</strong></span> <span class='ocrx_word' id='word_1_130' title='bbox 1270 2302 1468 2372; x_wconf 79' lang='lat' dir='ltr'><strong>quam</strong></span> <span class='ocrx_word' id='word_1_131' title='bbox 1508 2280 1877 2372; x_wconf 86' lang='lat' dir='ltr'><strong>aequissimo</strong></span> <span class='ocrx_word' id='word_1_132' title='bbox 1923 2295 2141 2373; x_wconf 85' lang='lat' dir='ltr'><strong>potest</strong></span> <span class='ocrx_word' id='word_1_133' title='bbox 2195 2279 2344 2350; x_wconf 92' lang='lat' dir='ltr'><strong>loco</strong></span> <span class='ocrx_word' id='word_1_134' title='bbox 2361 2336 2384 2371; x_wconf 91' lang='lat'><strong>,</strong></span> 
     </span>
     <span class='ocr_line' id='line_1_18' title="bbox 262 2386 2382 2482; baseline 0.003 -33"><span class='ocrx_word' id='word_1_135' title='bbox 262 2397 473 2450; x_wconf 82' lang='lat' dir='ltr'><strong>castra</strong></span> <span class='ocrx_word' id='word_1_136' title='bbox 514 2387 897 2454; x_wconf 87' lang='lat' dir='ltr'><strong>communit.</strong></span> <span class='ocrx_word' id='word_1_137' title='bbox 943 2387 1160 2480; x_wconf 87' lang='lat' dir='ltr'><strong>Atque</strong></span> <span class='ocrx_word' id='word_1_138' title='bbox 1202 2386 1345 2453; x_wconf 85' lang='lat' dir='ltr'><strong>haec</strong></span> <span class='ocrx_word' id='word_1_139' title='bbox 1366 2438 1386 2473; x_wconf 94' lang='lat'><strong>,</strong></span> <span class='ocrx_word' id='word_1_140' title='bbox 1423 2387 1542 2454; x_wconf 86' lang='lat' dir='ltr'><strong>etsi</strong></span> <span class='ocrx_word' id='word_1_141' title='bbox 1588 2400 1776 2454; x_wconf 78' lang='lat' dir='ltr'><strong>erant</strong></span> <span class='ocrx_word' id='word_1_142' title='bbox 1818 2388 2051 2480; x_wconf 86' lang='lat' dir='ltr'><strong>exigua</strong></span> <span class='ocrx_word' id='word_1_143' title='bbox 2109 2412 2229 2482; x_wconf 90' lang='lat' dir='ltr'><strong>per</strong></span> <span class='ocrx_word' id='word_1_144' title='bbox 2277 2413 2382 2477; x_wconf 88' lang='lat' dir='ltr'><strong>se,</strong></span> 
     </span>
     <span class='ocr_line' id='line_1_19' title="bbox 261 2488 2383 2588; baseline 0.003 -32"><span class='ocrx_word' id='word_1_145' title='bbox 261 2488 366 2556; x_wconf 79' lang='lat' dir='ltr'><strong>vix</strong></span> <span class='ocrx_word' id='word_1_146' title='bbox 396 2489 743 2559; x_wconf 89' lang='lat' dir='ltr'><strong>hominum</strong></span> <span class='ocrx_word' id='word_1_147' title='bbox 777 2490 1051 2561; x_wconf 88' lang='lat' dir='ltr'><strong>millium</strong></span> <span class='ocrx_word' id='word_1_148' title='bbox 1081 2495 1249 2583; x_wconf 92' lang='lat' dir='ltr'><strong>VII,</strong></span> <span class='ocrx_word' id='word_1_149' title='bbox 1284 2493 1646 2588; x_wconf 68' lang='lat' dir='ltr'><strong>praesertim</strong></span> <span class='ocrx_word' id='word_1_150' title='bbox 1684 2491 1877 2560; x_wconf 87' lang='lat' dir='ltr'><strong>nullis</strong></span> <span class='ocrx_word' id='word_1_151' title='bbox 1920 2517 2073 2561; x_wconf 90' lang='lat' dir='ltr'><strong>cum</strong></span> <span class='ocrx_word' id='word_1_152' title='bbox 2109 2494 2383 2588; x_wconf 89' lang='lat' dir='ltr'><strong>impedi·</strong></span> 
     </span>
    </p>
   </div>
   <div class='ocr_carea' id='block_1_3' title="bbox 265 2599 2387 2836">
    <p class='ocr_par' dir='ltr' id='par_1_3' title="bbox 265 2599 2387 2802">
     <span class='ocr_line' id='line_1_20' title="bbox 265 2599 2387 2696; baseline 0.003 -32"><span class='ocrx_word' id='word_1_153' title='bbox 265 2599 530 2685; x_wconf 86' lang='lat' dir='ltr'><strong>mentis,</strong></span> <span class='ocrx_word' id='word_1_154' title='bbox 572 2613 796 2667; x_wconf 83' lang='lat' dir='ltr'><strong>tamen</strong></span> <span class='ocrx_word' id='word_1_155' title='bbox 848 2602 1163 2694; x_wconf 83' lang='lat' dir='ltr'><strong>angustiis</strong></span> <span class='ocrx_word' id='word_1_156' title='bbox 1207 2602 1506 2686; x_wconf 85' lang='lat' dir='ltr'><strong>viarum,</strong></span> <span class='ocrx_word' id='word_1_157' title='bbox 1550 2624 1749 2694; x_wconf 83' lang='lat' dir='ltr'><strong>quam</strong></span> <span class='ocrx_word' id='word_1_158' title='bbox 1794 2603 2076 2669; x_wconf 80' lang='lat' dir='ltr'><strong>maxime</strong></span> <span class='ocrx_word' id='word_1_159' title='bbox 2127 2616 2387 2696; x_wconf 85' lang='lat' dir='ltr'><strong>potest,</strong></span> 
     </span>
     <span class='ocr_line' id='line_1_21' title="bbox 265 2704 2383 2836; baseline 0.002 -64"><span class='ocrx_word' id='word_1_160' title='bbox 265 2704 627 2793; x_wconf 79' lang='lat' dir='ltr'><strong>contrabit,</strong></span> <span class='ocrx_word' id='word_1_161' title='bbox 653 2731 736 2774; x_wconf 89' lang='lat' dir='ltr'><strong>eo</strong></span> <span class='ocrx_word' id='word_1_162' title='bbox 741 2706 1069 2836; x_wconf 74' lang='lat' dir='ltr'><strong>8consilio,</strong></span> <span class='ocrx_word' id='word_1_163' title='bbox 1098 2722 1173 2775; x_wconf 90' lang='lat' dir='ltr'><strong>ut</strong></span> <span class='ocrx_word' id='word_1_164' title='bbox 1195 2709 1264 2774; x_wconf 91' lang='lat' dir='ltr'><strong>in</strong></span> <span class='ocrx_word' id='word_1_165' title='bbox 1295 2730 1621 2775; x_wconf 86' lang='lat' dir='ltr'><strong>summam</strong></span> <span class='ocrx_word' id='word_1_166' title='bbox 1653 2709 2211 2802; x_wconf 86' lang='lat' dir='ltr'><strong>contemptionem</strong></span> <span class='ocrx_word' id='word_1_167' title='bbox 2231 2708 2383 2776; x_wconf 87' lang='lat' dir='ltr'><strong>hos-</strong></span> 
     </span>
    </p>
   </div>
   <div class='ocr_carea' id='block_1_4' title="bbox 264 2799 764 2880">
    <p class='ocr_par' dir='ltr' id='par_1_4' title="bbox 264 2799 764 2880">
     <span class='ocr_line' id='line_1_22' title="bbox 264 2799 764 2880; baseline 0.002 -1"><span class='ocrx_word' id='word_1_168' title='bbox 264 2808 433 2879; x_wconf 82' lang='lat' dir='ltr'><strong>tibus</strong></span> <span class='ocrx_word' id='word_1_169' title='bbox 486 2799 764 2880; x_wconf 79' lang='lat' dir='ltr'><strong>veniat⁸</strong></span> 
     </span>
    </p>
   </div>
   <div class='ocr_carea' id='block_1_5' title="bbox 264 3012 1292 4375">
    <p class='ocr_par' dir='ltr' id='par_1_5' title="bbox 264 3012 1282 3307">
     <span class='ocr_line' id='line_1_23' title="bbox 264 3012 1282 3068; baseline 0.004 -5"><span class='ocrx_word' id='word_1_170' title='bbox 264 3012 386 3065; x_wconf 73' lang='lat' dir='ltr'><strong>uris</strong></span> <span class='ocrx_word' id='word_1_171' title='bbox 435 3013 767 3068; x_wconf 79' lang='lat' dir='ltr'><strong>consuetudo</strong></span> <span class='ocrx_word' id='word_1_172' title='bbox 804 3014 1014 3068; x_wconf 76' lang='lat' dir='ltr'><strong>hostilia</strong></span> <span class='ocrx_word' id='word_1_173' title='bbox 1063 3013 1282 3068; x_wconf 73' lang='lat' dir='ltr'><strong>aedificia</strong></span> 
     </span>
     <span class='ocr_line' id='line_1_24' title="bbox 266 3090 1282 3166; baseline 0.004 -24"><span class='ocrx_word' id='word_1_174' title='bbox 266 3090 609 3160; x_wconf 78' lang='lat' dir='ltr'><strong>incendendi3</strong></span> <span class='ocrx_word' id='word_1_175' title='bbox 630 3096 724 3166; x_wconf 87' lang='lat' dir='ltr'><strong>qui</strong></span> <span class='ocrx_word' id='word_1_176' title='bbox 745 3114 858 3148; x_wconf 74' lang='lat' dir='ltr'><strong>mos</strong></span> <span class='ocrx_word' id='word_1_177' title='bbox 874 3108 1016 3149; x_wconf 85' lang='lat' dir='ltr'><strong>certe</strong></span> <span class='ocrx_word' id='word_1_178' title='bbox 1028 3095 1282 3147; x_wconf 68' lang='lat' dir='ltr'><strong>barbarus</strong></span> 
     </span>
     <span class='ocr_line' id='line_1_25' title="bbox 266 3172 1280 3268; baseline 0.001 -44"><span class='ocrx_word' id='word_1_179' title='bbox 266 3174 497 3240; x_wconf 77' lang='lat' dir='ltr'><strong>gentium</strong></span> <span class='ocrx_word' id='word_1_180' title='bbox 518 3172 827 3268; x_wconf 68' lang='lat' dir='ltr'><strong>pra-,datoris</strong></span> <span class='ocrx_word' id='word_1_181' title='bbox 843 3174 1052 3246; x_wconf 81' lang='lat' dir='ltr'><strong>ingenio</strong></span> <span class='ocrx_word' id='word_1_182' title='bbox 1068 3174 1280 3244; x_wconf 84' lang='lat' dir='ltr'><strong>potissi-</strong></span> 
     </span>
     <span class='ocr_line' id='line_1_26' title="bbox 265 3254 701 3307; baseline 0.01 -5"><span class='ocrx_word' id='word_1_183' title='bbox 265 3267 410 3304; x_wconf 79' lang='lat' dir='ltr'><strong>mum</strong></span> <span class='ocrx_word' id='word_1_184' title='bbox 435 3254 701 3307; x_wconf 79' lang='lat' dir='ltr'><strong>convenit.</strong></span> 
     </span>
    </p>

    <p class='ocr_par' dir='ltr' id='par_1_6' title="bbox 267 3332 1282 3467">
     <span class='ocr_line' id='line_1_27' title="bbox 345 3332 1282 3401; baseline -0.001 -15"><span class='ocrx_word' id='word_1_185' title='bbox 345 3332 475 3387; x_wconf 64' lang='lat' dir='ltr'><strong>Cn).</strong></span> <span class='ocrx_word' id='word_1_186' title='bbox 521 3334 719 3387; x_wconf 84' lang='lat' dir='ltr'>XLIX.</span> <span class='ocrx_word' id='word_1_187' title='bbox 769 3352 816 3387; x_wconf 86' lang='lat'><strong>1.</strong></span> <span class='ocrx_word' id='word_1_188' title='bbox 859 3335 998 3386; x_wconf 79' lang='lat' dir='ltr'><strong>Data</strong></span> <span class='ocrx_word' id='word_1_189' title='bbox 1025 3334 1282 3401; x_wconf 80' lang='lat' dir='ltr'><strong>facultate.</strong></span> 
     </span>
     <span class='ocr_line' id='line_1_28' title="bbox 267 3410 947 3467; baseline 0.002 -3"><span class='ocrx_word' id='word_1_190' title='bbox 267 3410 508 3466; x_wconf 66' lang='lat' dir='ltr'><strong>Discessu</strong></span> <span class='ocrx_word' id='word_1_191' title='bbox 546 3415 656 3467; x_wconf 76' lang='lat' dir='ltr'><strong>scil.</strong></span> <span class='ocrx_word' id='word_1_192' title='bbox 697 3414 947 3467; x_wconf 79' lang='lat' dir='ltr'><strong>hostium.</strong></span> 
     </span>
    </p>

    <p class='ocr_par' dir='ltr' id='par_1_7' title="bbox 355 3492 1282 3566">
     <span class='ocr_line' id='line_1_29' title="bbox 355 3492 1282 3566; baseline 0 -21"><span class='ocrx_word' id='word_1_193' title='bbox 355 3513 407 3545; x_wconf 79' lang='lat'><strong>2.</strong></span> <span class='ocrx_word' id='word_1_194' title='bbox 423 3493 580 3566; x_wconf 80' lang='lat' dir='ltr'><strong>Supra</strong></span> <span class='ocrx_word' id='word_1_195' title='bbox 593 3496 1026 3547; x_wconf 75' lang='lat' dir='ltr'><strong>demonstravimus.</strong></span> <span class='ocrx_word' id='word_1_196' title='bbox 1039 3494 1169 3564; x_wconf 77' lang='lat' dir='ltr'><strong>Cap.</strong></span> <span class='ocrx_word' id='word_1_197' title='bbox 1191 3492 1282 3557; x_wconf 72' lang='grc'><strong>45.</strong></span> 
     </span>
    </p>

    <p class='ocr_par' dir='ltr' id='par_1_8' title="bbox 272 3573 1288 3966">
     <span class='ocr_line' id='line_1_30' title="bbox 359 3573 1287 3642; baseline 0 -17"><span class='ocrx_word' id='word_1_198' title='bbox 359 3573 410 3625; x_wconf 85' lang='grc'><strong>3.</strong></span> <span class='ocrx_word' id='word_1_199' title='bbox 430 3574 635 3640; x_wconf 68' lang='lat' dir='ltr'><strong>Refer-ut.</strong></span> <span class='ocrx_word' id='word_1_200' title='bbox 656 3575 739 3627; x_wconf 87' lang='lat' dir='ltr'><strong>Al.</strong></span> <span class='ocrx_word' id='word_1_201' title='bbox 771 3575 971 3642; x_wconf 74' lang='lat' dir='ltr'><strong>deserat.</strong></span> <span class='ocrx_word' id='word_1_202' title='bbox 997 3575 1178 3626; x_wconf 84' lang='lat' dir='ltr'><strong>Minus</strong></span> <span class='ocrx_word' id='word_1_203' title='bbox 1194 3574 1287 3625; x_wconf 84' lang='lat' dir='ltr'><strong>be·</strong></span> 
     </span>
     <span class='ocr_line' id='line_1_31' title="bbox 273 3653 1286 3726; baseline 0.002 -23"><span class='ocrx_word' id='word_1_204' title='bbox 273 3669 369 3718; x_wconf 88' lang='lat' dir='ltr'><strong>ne;</strong></span> <span class='ocrx_word' id='word_1_205' title='bbox 382 3658 681 3723; x_wconf 72' lang='lat' dir='ltr'><strong>namoeserri</strong></span> <span class='ocrx_word' id='word_1_206' title='bbox 701 3653 974 3720; x_wconf 84' lang='lat' dir='ltr'><strong>dicuntur,</strong></span> <span class='ocrx_word' id='word_1_207' title='bbox 997 3673 1115 3726; x_wconf 75' lang='lat' dir='ltr'><strong>quae</strong></span> <span class='ocrx_word' id='word_1_208' title='bbox 1133 3672 1286 3724; x_wconf 84' lang='lat' dir='ltr'><strong>repe-</strong></span> 
     </span>
     <span class='ocr_line' id='line_1_32' title="bbox 272 3732 1105 3800; baseline 0.002 -16"><span class='ocrx_word' id='word_1_209' title='bbox 272 3743 474 3786; x_wconf 78' lang='lat' dir='ltr'><strong>tuntur.</strong></span> <span class='ocrx_word' id='word_1_210' title='bbox 506 3734 688 3789; x_wconf 78' lang='lat' dir='ltr'><strong>Horat.</strong></span> <span class='ocrx_word' id='word_1_211' title='bbox 719 3736 757 3788; x_wconf 92' lang='lat' dir='ltr'><strong>l.</strong></span> <span class='ocrx_word' id='word_1_212' title='bbox 791 3732 952 3800; x_wconf 89' lang='lat' dir='ltr'><strong>1‚od.</strong></span> <span class='ocrx_word' id='word_1_213' title='bbox 993 3740 1059 3797; x_wconf 73' lang='grc'><strong>14</strong></span> <span class='ocrx_word' id='word_1_214' title='bbox 1090 3751 1105 3786; x_wconf 92' lang='lat'>:</span> 
     </span>
     <span class='ocr_line' id='line_1_33' title="bbox 272 3812 1288 3869; baseline -0.003 -7"><span class='ocrx_word' id='word_1_215' title='bbox 272 3817 313 3862; x_wconf 89' lang='grc'><strong>0</strong></span> <span class='ocrx_word' id='word_1_216' title='bbox 329 3815 485 3869; x_wconf 70' lang='lat' dir='ltr'><strong>navis,</strong></span> <span class='ocrx_word' id='word_1_217' title='bbox 501 3815 703 3862; x_wconf 76' lang='lat' dir='ltr'><strong>referent</strong></span> <span class='ocrx_word' id='word_1_218' title='bbox 715 3814 764 3860; x_wconf 88' lang='lat' dir='ltr'><strong>in</strong></span> <span class='ocrx_word' id='word_1_219' title='bbox 781 3829 906 3860; x_wconf 75' lang='lat' dir='ltr'><strong>mare</strong></span> <span class='ocrx_word' id='word_1_220' title='bbox 920 3823 966 3860; x_wconf 71' lang='lat' dir='ltr'><strong>te</strong></span> <span class='ocrx_word' id='word_1_221' title='bbox 979 3814 1088 3859; x_wconf 80' lang='lat' dir='ltr'><strong>novi</strong></span> <span class='ocrx_word' id='word_1_222' title='bbox 1106 3812 1288 3859; x_wconf 66' lang='lat' dir='ltr'><strong>fluctus.</strong></span> 
     </span>
     <span class='ocr_line' id='line_1_34' title="bbox 273 3894 1258 3966; baseline -0.002 -17"><span class='ocrx_word' id='word_1_223' title='bbox 273 3897 466 3951; x_wconf 69' lang='lat' dir='ltr'><strong>Noster</strong></span> <span class='ocrx_word' id='word_1_224' title='bbox 495 3908 670 3950; x_wconf 79' lang='lat' dir='ltr'><strong>tamen</strong></span> <span class='ocrx_word' id='word_1_225' title='bbox 699 3894 817 3950; x_wconf 89' lang='lat' dir='ltr'><strong>cod.</strong></span> <span class='ocrx_word' id='word_1_226' title='bbox 850 3895 1031 3966; x_wconf 83' lang='lat'><strong>5763,</strong></span> <span class='ocrx_word' id='word_1_227' title='bbox 1059 3896 1258 3962; x_wconf 65' lang='lat' dir='ltr'><strong>defit-at.</strong></span> 
     </span>
    </p>

    <p class='ocr_par' dir='ltr' id='par_1_9' title="bbox 271 3976 1292 4269">
     <span class='ocr_line' id='line_1_35' title="bbox 350 3976 1292 4050; baseline -0.005 -19"><span class='ocrx_word' id='word_1_228' title='bbox 350 3985 404 4042; x_wconf 76' lang='grc'><strong>4.</strong></span> <span class='ocrx_word' id='word_1_229' title='bbox 430 3977 722 4050; x_wconf 74' lang='lat' dir='ltr'><strong>omnemque</strong></span> <span class='ocrx_word' id='word_1_230' title='bbox 737 3977 806 4028; x_wconf 83' lang='lat' dir='ltr'><strong>ad</strong></span> <span class='ocrx_word' id='word_1_231' title='bbox 823 3996 927 4027; x_wconf 85' lang='lat' dir='ltr'><strong>eum</strong></span> <span class='ocrx_word' id='word_1_232' title='bbox 948 3976 1292 4027; x_wconf 78' lang='lat' dir='ltr'><strong>multitudinem</strong></span> 
     </span>
     <span class='ocr_line' id='line_1_36' title="bbox 273 4056 1292 4126; baseline -0.005 -16"><span class='ocrx_word' id='word_1_233' title='bbox 273 4062 565 4111; x_wconf 67' lang='lat' dir='ltr'><strong>conver-eim.</strong></span> <span class='ocrx_word' id='word_1_234' title='bbox 595 4056 803 4111; x_wconf 66' lang='lat' dir='ltr'><strong>Poenive</strong></span> <span class='ocrx_word' id='word_1_235' title='bbox 817 4094 834 4121; x_wconf 91' lang='lat'><strong>,</strong></span> <span class='ocrx_word' id='word_1_236' title='bbox 859 4075 960 4126; x_wconf 86' lang='lat' dir='ltr'><strong>pro</strong></span> <span class='ocrx_word' id='word_1_237' title='bbox 984 4072 1292 4108; x_wconf 75' lang='lat' dir='ltr'><strong>conversam</strong></span> 
     </span>
     <span class='ocr_line' id='line_1_37' title="bbox 273 4134 1292 4206; baseline -0.007 -15"><span class='ocrx_word' id='word_1_238' title='bbox 273 4156 398 4191; x_wconf 70' lang='lat' dir='ltr'><strong>esee.</strong></span> <span class='ocrx_word' id='word_1_239' title='bbox 431 4138 586 4191; x_wconf 82' lang='lat' dir='ltr'><strong>Curt.</strong></span> <span class='ocrx_word' id='word_1_240' title='bbox 621 4137 658 4189; x_wconf 89' lang='lat' dir='ltr'><strong>l.</strong></span> <span class='ocrx_word' id='word_1_241' title='bbox 702 4155 789 4201; x_wconf 82' lang='lat' dir='ltr'><strong>nr,</strong></span> <span class='ocrx_word' id='word_1_242' title='bbox 821 4155 937 4206; x_wconf 80' lang='lat' dir='ltr'><strong>cap.</strong></span> <span class='ocrx_word' id='word_1_243' title='bbox 973 4139 1041 4199; x_wconf 88' lang='lat'><strong>6,</strong></span> <span class='ocrx_word' id='word_1_244' title='bbox 1088 4153 1177 4203; x_wconf 79' lang='lat'><strong>²9·</strong></span> <span class='ocrx_word' id='word_1_245' title='bbox 1211 4134 1292 4186; x_wconf 79' lang='lat' dir='ltr'><strong>Ita</strong></span> 
     </span>
     <span class='ocr_line' id='line_1_38' title="bbox 271 4216 907 4269; baseline 0.002 -1"><span class='ocrx_word' id='word_1_246' title='bbox 271 4216 439 4269; x_wconf 75' lang='lat' dir='ltr'><strong>deinde</strong></span> <span class='ocrx_word' id='word_1_247' title='bbox 462 4221 616 4269; x_wconf 79' lang='lat' dir='ltr'><strong>vertit</strong></span> <span class='ocrx_word' id='word_1_248' title='bbox 636 4220 687 4268; x_wconf 79' lang='lat' dir='ltr'><strong>in</strong></span> <span class='ocrx_word' id='word_1_249' title='bbox 713 4216 907 4269; x_wconf 79' lang='lat' dir='ltr'><strong>rabiem.</strong></span> 
     </span>
    </p>

    <p class='ocr_par' dir='ltr' id='par_1_10' title="bbox 359 4293 1292 4375">
     <span class='ocr_line' id='line_1_39' title="bbox 359 4293 1292 4375; baseline -0.006 -25"><span class='ocrx_word' id='word_1_250' title='bbox 359 4298 407 4350; x_wconf 79' lang='lat'><strong>5.</strong></span> <span class='ocrx_word' id='word_1_251' title='bbox 430 4298 683 4375; x_wconf 66' lang='lat' dir='ltr'><strong>Magnam.</strong></span> <span class='ocrx_word' id='word_1_252' title='bbox 717 4293 888 4350; x_wconf 83' lang='lat' dir='ltr'><strong>Codd.</strong></span> <span class='ocrx_word' id='word_1_253' title='bbox 902 4293 1154 4366; x_wconf 81' lang='lat' dir='ltr'><strong>permulti</strong></span> <span class='ocrx_word' id='word_1_254' title='bbox 1183 4310 1292 4345; x_wconf 86' lang='lat' dir='ltr'><strong>non</strong></span> 
     </span>
    </p>
   </div>
   <div class='ocr_carea' id='block_1_6' title="bbox 768 2812 2386 2908">
    <p class='ocr_par' dir='ltr' id='par_1_11' title="bbox 768 2812 2386 2908">
     <span class='ocr_line' id='line_1_40' title="bbox 768 2812 2386 2908; baseline 0.002 -27.142"><span class='ocrx_word' id='word_1_255' title='bbox 768 2815 1154 2901; x_wconf 89' lang='lat' dir='ltr'><strong>.Interim,</strong></span> <span class='ocrx_word' id='word_1_256' title='bbox 1199 2812 1721 2907; x_wconf 82' lang='lat' dir='ltr'><strong>speculatoribus</strong></span> <span class='ocrx_word' id='word_1_257' title='bbox 1771 2815 1841 2880; x_wconf 87' lang='lat' dir='ltr'><strong>in</strong></span> <span class='ocrx_word' id='word_1_258' title='bbox 1892 2839 2121 2883; x_wconf 89' lang='lat' dir='ltr'><strong>omnes</strong></span> <span class='ocrx_word' id='word_1_259' title='bbox 2166 2829 2386 2908; x_wconf 83' lang='lat' dir='ltr'><strong>partes</strong></span> 
     </span>
    </p>
   </div>
   <div class='ocr_carea' id='block_1_7' title="bbox 1363 3012 2399 4359">
    <p class='ocr_par' dir='ltr' id='par_1_12' title="bbox 1363 3012 2399 4359">
     <span class='ocr_line' id='line_1_41' title="bbox 1367 3012 2392 3085; baseline 0.001 -19"><span class='ocrx_word' id='word_1_260' title='bbox 1367 3014 1567 3066; x_wconf 78' lang='lat' dir='ltr'><strong>habent</strong></span> <span class='ocrx_word' id='word_1_261' title='bbox 1593 3031 1830 3082; x_wconf 74' lang='lat' dir='ltr'><strong>magnam.</strong></span> <span class='ocrx_word' id='word_1_262' title='bbox 1861 3012 2051 3084; x_wconf 72' lang='lat' dir='ltr'><strong>Reipsn</strong></span> <span class='ocrx_word' id='word_1_263' title='bbox 2077 3031 2265 3085; x_wconf 72' lang='lat' dir='ltr'><strong>magna</strong></span> <span class='ocrx_word' id='word_1_264' title='bbox 2285 3015 2392 3067; x_wconf 75' lang='lat' dir='ltr'><strong>val·</strong></span> 
     </span>
     <span class='ocr_line' id='line_1_42' title="bbox 1368 3093 2389 3162; baseline 0 -17"><span class='ocrx_word' id='word_1_265' title='bbox 1368 3094 1432 3145; x_wconf 78' lang='lat' dir='ltr'><strong>lis</strong></span> <span class='ocrx_word' id='word_1_266' title='bbox 1461 3112 1571 3145; x_wconf 90' lang='lat' dir='ltr'><strong>non</strong></span> <span class='ocrx_word' id='word_1_267' title='bbox 1602 3104 1807 3144; x_wconf 85' lang='lat' dir='ltr'><strong>rectum</strong></span> <span class='ocrx_word' id='word_1_268' title='bbox 1830 3103 1998 3145; x_wconf 78' lang='lat' dir='ltr'><strong>sonat.</strong></span> <span class='ocrx_word' id='word_1_269' title='bbox 2026 3094 2096 3143; x_wconf 84' lang='lat' dir='ltr'><strong>At</strong></span> <span class='ocrx_word' id='word_1_270' title='bbox 2123 3109 2275 3162; x_wconf 76' lang='lat' dir='ltr'><strong>groec.</strong></span> <span class='ocrx_word' id='word_1_271' title='bbox 2304 3093 2389 3145; x_wconf 87' lang='lat' dir='ltr'><strong>in·</strong></span> 
     </span>
     <span class='ocr_line' id='line_1_43' title="bbox 1369 3167 2391 3244; baseline -0.001 -20"><span class='ocrx_word' id='word_1_272' title='bbox 1369 3185 1570 3244; x_wconf 78' lang='lat' dir='ltr'><strong>terpres</strong></span> <span class='ocrx_word' id='word_1_273' title='bbox 1582 3170 1740 3224; x_wconf 74' lang='lat' dir='ltr'><strong>habet</strong></span> <span class='ocrx_word' id='word_1_274' title='bbox 1754 3171 1969 3241; x_wconf 76' lang='grc' dir='ltr'>μεγάλης</span> <span class='ocrx_word' id='word_1_275' title='bbox 1979 3171 2243 3242; x_wconf 73' lang='grc' dir='ltr'>φαράγγος.</span> <span class='ocrx_word' id='word_1_276' title='bbox 2254 3167 2327 3233; x_wconf 88' lang='lat' dir='ltr'><strong>(C</strong></span> <span class='ocrx_word' id='word_1_277' title='bbox 2330 3173 2391 3222; x_wconf 80' lang='lat' dir='ltr'><strong>&#39;e‘-</strong></span> 
     </span>
     <span class='ocr_line' id='line_1_44' title="bbox 1372 3252 2391 3320; baseline -0.002 -17"><span class='ocrx_word' id='word_1_278' title='bbox 1372 3257 1462 3303; x_wconf 73' lang='lat' dir='ltr'><strong>tm’t</strong></span> <span class='ocrx_word' id='word_1_279' title='bbox 1494 3270 1585 3303; x_wconf 82' lang='lat' dir='ltr'><strong>une</strong></span> <span class='ocrx_word' id='word_1_280' title='bbox 1608 3252 1765 3303; x_wconf 66' lang='lat' dir='ltr'><strong>valide</strong></span> <span class='ocrx_word' id='word_1_281' title='bbox 1801 3268 1933 3302; x_wconf 74' lang='lat' dir='ltr'><strong>assez</strong></span> <span class='ocrx_word' id='word_1_282' title='bbox 1969 3252 2129 3320; x_wconf 73' lang='lat' dir='ltr'><strong>large,</strong></span> <span class='ocrx_word' id='word_1_283' title='bbox 2162 3255 2391 3303; x_wconf 61' lang='lat' dir='ltr'><strong>tranet-see</strong></span> 
     </span>
     <span class='ocr_line' id='line_1_45' title="bbox 1363 3330 2393 3402; baseline -0.002 -20"><span class='ocrx_word' id='word_1_284' title='bbox 1363 3352 1463 3402; x_wconf 83' lang='lat' dir='ltr'><strong>par</strong></span> <span class='ocrx_word' id='word_1_285' title='bbox 1490 3351 1554 3383; x_wconf 85' lang='lat' dir='ltr'><strong>un</strong></span> <span class='ocrx_word' id='word_1_286' title='bbox 1592 3335 1803 3383; x_wconf 78' lang='lat' dir='ltr'><strong>ruisseau</strong></span> <span class='ocrx_word' id='word_1_287' title='bbox 1816 3370 1832 3392; x_wconf 89' lang='lat'>‚</span> <span class='ocrx_word' id='word_1_288' title='bbox 1879 3332 2071 3383; x_wconf 68' lang='lat' dir='ltr'><strong>«zu-dela*</strong></span> <span class='ocrx_word' id='word_1_289' title='bbox 2100 3330 2278 3402; x_wconf 69' lang='lat' dir='ltr'><strong>detque!</strong></span> <span class='ocrx_word' id='word_1_290' title='bbox 2308 3350 2393 3381; x_wconf 76' lang='lat' dir='ltr'><strong>sur</strong></span> 
     </span>
     <span class='ocr_line' id='line_1_46' title="bbox 1371 3412 2392 3482; baseline -0.001 -19"><span class='ocrx_word' id='word_1_291' title='bbox 1371 3413 1417 3463; x_wconf 76' lang='lat' dir='ltr'><strong>le</strong></span> <span class='ocrx_word' id='word_1_292' title='bbox 1444 3424 1640 3465; x_wconf 80' lang='lat' dir='ltr'><strong>sommet</strong></span> <span class='ocrx_word' id='word_1_293' title='bbox 1654 3412 1714 3463; x_wconf 79' lang='lat' dir='ltr'><strong>de</strong></span> <span class='ocrx_word' id='word_1_294' title='bbox 1735 3413 1784 3462; x_wconf 83' lang='lat' dir='ltr'><strong>la</strong></span> <span class='ocrx_word' id='word_1_295' title='bbox 1813 3416 1917 3462; x_wconf 73' lang='lat' dir='ltr'><strong>cdte</strong></span> <span class='ocrx_word' id='word_1_296' title='bbox 1943 3415 2161 3482; x_wconf 71' lang='grc' dir='ltr'><strong>ορρωόε,</strong></span> <span class='ocrx_word' id='word_1_297' title='bbox 2182 3430 2232 3462; x_wconf 81' lang='lat' dir='ltr'><strong>se</strong></span> <span class='ocrx_word' id='word_1_298' title='bbox 2264 3423 2392 3462; x_wconf 77' lang='lat' dir='ltr'><strong>erou-</strong></span> 
     </span>
     <span class='ocr_line' id='line_1_47' title="bbox 1373 3488 1970 3554; baseline 0 -10"><span class='ocrx_word' id='word_1_299' title='bbox 1373 3497 1474 3545; x_wconf 74' lang='grc' dir='ltr'><strong>ναιέ</strong></span> <span class='ocrx_word' id='word_1_300' title='bbox 1494 3493 1691 3543; x_wconf 77' lang='lat' dir='ltr'><strong>l&#39;ame&#39;e</strong></span> <span class='ocrx_word' id='word_1_301' title='bbox 1719 3488 1970 3554; x_wconf 75' lang='lat' dir='ltr'><strong>ennemie).</strong></span> 
     </span>
     <span class='ocr_line' id='line_1_48' title="bbox 1432 3569 2393 3642; baseline -0.002 -17"><span class='ocrx_word' id='word_1_302' title='bbox 1432 3571 1615 3626; x_wconf 61' lang='lat' dir='ltr'><strong>&amp;Cum</strong></span> <span class='ocrx_word' id='word_1_303' title='bbox 1625 3575 1770 3623; x_wconf 78' lang='lat' dir='ltr'><strong>tantis</strong></span> <span class='ocrx_word' id='word_1_304' title='bbox 1780 3574 1940 3642; x_wconf 77' lang='lat' dir='ltr'><strong>copiis.</strong></span> <span class='ocrx_word' id='word_1_305' title='bbox 1952 3569 2218 3623; x_wconf 74' lang='lat' dir='ltr'><strong>Adversus</strong></span> <span class='ocrx_word' id='word_1_306' title='bbox 2224 3582 2393 3623; x_wconf 77' lang='lat' dir='ltr'><strong>tantas</strong></span> 
     </span>
     <span class='ocr_line' id='line_1_49' title="bbox 1372 3652 2391 3724; baseline -0.003 -19"><span class='ocrx_word' id='word_1_307' title='bbox 1372 3653 1567 3724; x_wconf 77' lang='lat' dir='ltr'><strong>copias.</strong></span> <span class='ocrx_word' id='word_1_308' title='bbox 1580 3652 1882 3713; x_wconf 66' lang='lat' dir='ltr'><strong>Alsectius,</strong></span> <span class='ocrx_word' id='word_1_309' title='bbox 1906 3670 2011 3702; x_wconf 81' lang='lat' dir='ltr'><strong>cum</strong></span> <span class='ocrx_word' id='word_1_310' title='bbox 2022 3652 2219 3702; x_wconf 79' lang='lat' dir='ltr'><strong>tantulis</strong></span> <span class='ocrx_word' id='word_1_311' title='bbox 2227 3653 2391 3721; x_wconf 75' lang='lat' dir='ltr'><strong>copiis.</strong></span> 
     </span>
     <span class='ocr_line' id='line_1_50' title="bbox 1456 3731 2395 3802; baseline -0.004 -18"><span class='ocrx_word' id='word_1_312' title='bbox 1456 3751 1509 3802; x_wconf 85' lang='lat'><strong>7.</strong></span> <span class='ocrx_word' id='word_1_313' title='bbox 1545 3733 1684 3784; x_wconf 79' lang='lat' dir='ltr'><strong>Tum.</strong></span> <span class='ocrx_word' id='word_1_314' title='bbox 1714 3731 1922 3795; x_wconf 69' lang='lat' dir='ltr'><strong>Nexum,</strong></span> <span class='ocrx_word' id='word_1_315' title='bbox 1943 3731 2016 3782; x_wconf 77' lang='lat' dir='ltr'><strong>ait</strong></span> <span class='ocrx_word' id='word_1_316' title='bbox 2042 3731 2258 3795; x_wconf 74' lang='lat' dir='ltr'><strong>Morus,</strong></span> <span class='ocrx_word' id='word_1_317' title='bbox 2283 3747 2395 3781; x_wconf 89' lang='lat' dir='ltr'><strong>non</strong></span> 
     </span>
     <span class='ocr_line' id='line_1_51' title="bbox 1373 3809 2395 3882; baseline -0.005 -18"><span class='ocrx_word' id='word_1_318' title='bbox 1373 3825 1453 3864; x_wconf 75' lang='lat' dir='ltr'><strong>est</strong></span> <span class='ocrx_word' id='word_1_319' title='bbox 1481 3811 1792 3882; x_wconf 74' lang='lat' dir='ltr'><strong>perspicuus</strong></span> <span class='ocrx_word' id='word_1_320' title='bbox 1824 3828 1839 3862; x_wconf 73' lang='grc' dir='ltr'><strong><em>ε</em></strong></span> <span class='ocrx_word' id='word_1_321' title='bbox 1872 3809 2099 3863; x_wconf 81' lang='lat' dir='ltr'><strong>debebat</strong></span> <span class='ocrx_word' id='word_1_322' title='bbox 2131 3827 2241 3862; x_wconf 76' lang='lat' dir='ltr'><strong>esse</strong></span> <span class='ocrx_word' id='word_1_323' title='bbox 2279 3826 2395 3877; x_wconf 69' lang='lat' dir='ltr'><strong>ergo</strong></span> 
     </span>
     <span class='ocr_line' id='line_1_52' title="bbox 1376 3886 2397 3964; baseline -0.005 -20"><span class='ocrx_word' id='word_1_324' title='bbox 1376 3906 1476 3944; x_wconf 76' lang='lat' dir='ltr'><strong>mm</strong></span> <span class='ocrx_word' id='word_1_325' title='bbox 1501 3891 1702 3964; x_wconf 73' lang='lat' dir='ltr'><strong>quiden.</strong></span> <span class='ocrx_word' id='word_1_326' title='bbox 1728 3890 1863 3943; x_wconf 80' lang='lat' dir='ltr'><strong>Tem</strong></span> <span class='ocrx_word' id='word_1_327' title='bbox 1885 3887 2186 3961; x_wconf 74' lang='lat' dir='ltr'><strong>languidam</strong></span> <span class='ocrx_word' id='word_1_328' title='bbox 2206 3886 2397 3940; x_wconf 79' lang='lat' dir='ltr'><strong>dictio-</strong></span> 
     </span>
     <span class='ocr_line' id='line_1_53' title="bbox 1374 3968 2397 4043; baseline -0.006 -18"><span class='ocrx_word' id='word_1_329' title='bbox 1374 3991 1498 4025; x_wconf 88' lang='lat' dir='ltr'><strong>nem</strong></span> <span class='ocrx_word' id='word_1_330' title='bbox 1508 3990 1570 4024; x_wconf 77' lang='lat' dir='ltr'><strong>ac</strong></span> <span class='ocrx_word' id='word_1_331' title='bbox 1580 3988 1749 4043; x_wconf 83' lang='lat' dir='ltr'><strong>prope</strong></span> <span class='ocrx_word' id='word_1_332' title='bbox 1758 3970 2005 4022; x_wconf 74' lang='lat' dir='ltr'><strong>insulsam</strong></span> <span class='ocrx_word' id='word_1_333' title='bbox 2019 3968 2273 4039; x_wconf 83' lang='lat' dir='ltr'><strong>recepisse</strong></span> <span class='ocrx_word' id='word_1_334' title='bbox 2281 3968 2397 4020; x_wconf 71' lang='lat' dir='ltr'><strong>Coe·</strong></span> 
     </span>
     <span class='ocr_line' id='line_1_54' title="bbox 1375 4050 2399 4122; baseline -0.007 -17"><span class='ocrx_word' id='word_1_335' title='bbox 1375 4069 1543 4105; x_wconf 77' lang='lat' dir='ltr'><strong>sarem</strong></span> <span class='ocrx_word' id='word_1_336' title='bbox 1570 4051 1687 4122; x_wconf 71' lang='lat' dir='ltr'><strong>quis</strong></span> <span class='ocrx_word' id='word_1_337' title='bbox 1724 4050 1824 4102; x_wconf 76' lang='lat' dir='ltr'><strong>sibi</strong></span> <span class='ocrx_word' id='word_1_338' title='bbox 1864 4067 2097 4118; x_wconf 81' lang='lat' dir='ltr'><strong>unquam</strong></span> <span class='ocrx_word' id='word_1_339' title='bbox 2134 4065 2399 4119; x_wconf 71' lang='lat' dir='ltr'><strong>persuase-</strong></span> 
     </span>
     <span class='ocr_line' id='line_1_55' title="bbox 1376 4128 2399 4199; baseline -0.004 -15"><span class='ocrx_word' id='word_1_340' title='bbox 1376 4130 1484 4184; x_wconf 76' lang='lat' dir='ltr'><strong>rit?</strong></span> <span class='ocrx_word' id='word_1_341' title='bbox 1513 4132 1657 4183; x_wconf 88' lang='lat' dir='ltr'><strong>Bene</strong></span> <span class='ocrx_word' id='word_1_342' title='bbox 1694 4148 1749 4182; x_wconf 88' lang='lat' dir='ltr'><strong>se</strong></span> <span class='ocrx_word' id='word_1_343' title='bbox 1771 4129 1931 4181; x_wconf 85' lang='lat' dir='ltr'><strong>habet</strong></span> <span class='ocrx_word' id='word_1_344' title='bbox 1957 4128 2149 4199; x_wconf 74' lang='lat' dir='ltr'><strong>vulgat.</strong></span> <span class='ocrx_word' id='word_1_345' title='bbox 2182 4128 2399 4181; x_wconf 62' lang='lat' dir='ltr'><strong>Gracuu</strong></span> 
     </span>
     <span class='ocr_line' id='line_1_56' title="bbox 1379 4204 2041 4281; baseline -0.008 -17"><span class='ocrx_word' id='word_1_346' title='bbox 1379 4212 1668 4281; x_wconf 67' lang='lat' dir='ltr'><strong>interpres,</strong></span> <span class='ocrx_word' id='word_1_347' title='bbox 1687 4210 1801 4261; x_wconf 75' lang='grc' dir='ltr'><strong>τότε</strong></span> <span class='ocrx_word' id='word_1_348' title='bbox 1834 4208 1921 4279; x_wconf 67' lang='grc' dir='ltr'><strong>μὶν</strong></span> <span class='ocrx_word' id='word_1_349' title='bbox 1947 4204 2041 4260; x_wconf 80' lang='grc' dir='ltr'><strong>οὖν.</strong></span> 
     </span>
     <span class='ocr_line' id='line_1_57' title="bbox 1462 4291 2399 4359; baseline -0.007 -14"><span class='ocrx_word' id='word_1_350' title='bbox 1462 4294 1514 4346; x_wconf 83' lang='grc'><strong>8.</strong></span> <span class='ocrx_word' id='word_1_351' title='bbox 1562 4291 1632 4343; x_wconf 79' lang='lat' dir='ltr'><strong>Ue</strong></span> <span class='ocrx_word' id='word_1_352' title='bbox 1660 4293 1711 4342; x_wconf 78' lang='grc' dir='ltr'><strong>ἰιι</strong></span> <span class='ocrx_word' id='word_1_353' title='bbox 1748 4308 1976 4342; x_wconf 77' lang='lat' dir='ltr'><strong>summam</strong></span> <span class='ocrx_word' id='word_1_354' title='bbox 2017 4292 2399 4359; x_wconf 73' lang='lat' dir='ltr'><strong>contemptionem</strong></span> 
     </span>
    </p>
   </div>
  </div>
 </body>
</html>
