3111 5147
888 557 1702 630 DEDICATORIA.
2237 582 2364 632 xm

219 714 356 785 Hic
394 716 677 787 Venere
716 709 1003 805 infami,
1040 717 1463 816 ventrisque
1506 715 1810 790 libidine
1837 732 2090 818 raptus
2113 774 2135 808 ,

222 847 535 920 Vivendi
573 849 693 921 cui
732 868 955 923 causa
986 847 1124 921 fuit
1160 850 1422 923 lasciva
1460 850 1804 951 voluptas
1820 906 1842 938 ‚

223 983 594 1054 Scortator
630 980 909 1054 Consul
924 1036 946 1072 ‚
978 978 1393 1082 dignusque
1436 986 1730 1057 Nerone
1767 986 2098 1058 minister
2111 1040 2131 1074 ,

224 1112 475 1186 Iudice
516 1127 593 1186 te
633 1112 1025 1187 damnatus
1058 1113 1298 1204 abest3
1332 1114 1720 1188 damnatus
1758 1129 1833 1189 et
1875 1115 2080 1189 absit.

225 1243 356 1318 Ille
394 1259 673 1335 autem,
710 1245 1067 1319 scelerum
1110 1246 1337 1347 pleno
1372 1249 1510 1346 qui
1554 1262 1770 1321 natus
1817 1250 1896 1319 in
1938 1274 2127 1339 aevo,

229 1381 679 1479 Sanguineas
710 1382 908 1453 inter
939 1368 1148 1451 Mai-ii
1180 1379 1542 1478 Syllaeque
1578 1378 1860 1453 furores
1878 1436 1898 1471 ‚

231 1510 671 1589 carnificum
708 1510 993 1586 rabiem
1024 1511 1388 1584 dominari
1424 1513 1730 1611 impune
1770 1511 2062 1585 videbat
2084 1567 2105 1602 ,

230 1645 679 1743 Mactarique
710 1642 987 1733 bonos,
1033 1658 1211 1716 tunc
1250 1644 1557 1715 numina
1594 1642 1888 1717 credere
1927 1642 2130 1715 nulla

231 1774 620 1862 Maluerat,
654 1796 867 1872 quam
900 1798 1059 1847 non
1092 1774 1323 1871 justa,
1362 1788 1493 1846 aut
1533 1775 1783 1874 ignara
1827 1775 2215 1866 Quiritum.

232 1904 372 1977 Sed
416 1905 721 1977 summis
751 1930 1022 1979 enasse
1069 1930 1214 1978 suae
1251 1931 1419 1979 cum
1458 1904 1740 1979 civibus
1779 1905 2016 1999 urbis,

232 2040 771 2137 Contempsisse
812 2045 1012 2114 Deos
1030 2092 1052 2131 ‚
1098 2055 1173 2113 et
1216 2040 1487 2140 templa
1526 2042 1856 2113 tonantia
1899 2040 2071 2117 coeli

232 2172 545 2244 Poenitet
582 2199 599 2242 ε
642 2173 934 2245 insanas
971 2198 1173 2246 nunc
1208 2175 1364 2271 ipse
1392 2175 1775 2246 Lucretius
1806 2188 2031 2264 artes,

231 2306 571 2376 Insanam
609 2319 936 2378 mentem
968 2305 1207 2402 ejurat
1248 2333 1264 2376 ε
1311 2328 1535 2402 quam
1567 2303 1798 2376 nollet
1838 2304 2159 2406 Olympo

230 2436 635 2509 Detrusisse
674 2435 972 2510 Jovem!
1019 2463 1220 2510 nunc
1262 2461 1416 2509 sese
1457 2436 1753 2508 damnat
1793 2451 1866 2508 et
1906 2437 2097 2527 odit,

233 2568 383 2660 Qui
424 2567 673 2642 sceleri
712 2595 1047 2668 poenam,
1088 2570 1365 2642 miseris
1406 2569 1657 2642 solatia
1680 2624 1701 2658 ,
1741 2576 2014 2669 Regem

231 2700 879 2801 Regibus‚·aeterni
919 2703 1202 2776 mundo
1242 2704 1566 2775 Rectoris
1606 2701 1963 2793 habenas,

232 2836 317 2904 Et
350 2835 577 2905 morti
615 2836 776 2905 vitae
814 2858 979 2933 spes
1019 2835 1442 2906 immortalis
1481 2833 1767 2906 ademit.

233 2966 341 3035 Da
383 2965 675 3036 veniam
714 2968 980 3053 errori;
1017 2968 1149 3064 qui
1189 2965 1456 3063 gaudes
1496 2991 1793 3063 parcere
1835 2969 2115 3040 cunetis
2134 3023 2154 3058 ‚

235 3096 453 3166 Parce
496 3108 737 3192 pater3
773 3097 1054 3195 superis
1087 3111 1327 3193 aequat
1364 3096 1746 3168 elementia
1787 3121 2015 3197 reges,

236 3224 447 3298 Haud
492 3226 669 3299 alios
703 3229 921 3327 gessit
953 3227 1177 3327 regali
1212 3242 1507 3328 pectore
1544 3252 1800 3301 sensus
1821 3283 1841 3318 ‚

233 3357 362 3430 Ille
408 3372 582 3430 tuus
614 3359 938 3449 Lodoix,
984 3361 1350 3459 exemplar
1381 3358 1633 3433 nobile
1673 3386 1967 3461 regum,

236 3491 555 3591 Imperio
596 3494 728 3590 qui
767 3489 884 3564 bis
924 3507 1201 3591 septem
1238 3494 1746 3592 quinquennia
1784 3520 2051 3594 magno

226 3625 598 3695 Maximus
638 3623 986 3722 explevit3
1024 3626 1190 3722 qui,
1229 3622 1528 3722 quando
1570 3627 1811 3725 stirpis
1852 3628 2053 3698 avitoe

236 3754 467 3827 Dulce
512 3754 732 3828 decus
766 3756 1110 3852 juvenem
1145 3754 1603 3854 Delphinum
1646 3754 1920 3855 fingere
1959 3756 2266 3850 vellet,¹⁹

241 3887 385 3958 Olli
415 3912 578 3960 non
611 3887 848 3960 timuit
879 3893 1254 3962 Naturam
1290 3887 1587 3962 credere
1629 3913 1869 3960 rerum
1906 3915 1923 3959 ε

237 4020 386 4091 Nec
423 4034 676 4092 tamen
713 4021 791 4092 in
832 4020 1101 4109 lucem,
1135 4021 1399 4094 sanctis
1436 4018 1530 4092 de
1567 4017 1896 4093 fontibus
1937 4019 2195 4095 hausta
2210 4077 2231 4113 ‚

236 4153 579 4227 Carmina
609 4153 1013 4253 protulerat
1045 4137 1302 4230 Phoeb'i
1342 4151 1758 4252 Christique
1802 4153 2135 4228 sacerdos
2153 4168 2229 4246 ‚²⁶
