3111 5147
592 564 728 633 DE
771 568 1118 637 BELLO
1161 570 1655 644 GALLICO.
1714 579 1901 649 LIB.
1947 582 2126 651 VII.
2266 580 2415 678 373

291 689 472 760 bant.
502 694 673 764 Ante
709 697 832 768 hos
863 686 934 786 ¹⁴,
964 699 1242 795 obliquis
1266 701 1607 776 ordinibus
1639 710 1705 777 in
1736 712 2172 805 quincuncem
2194 700 2241 739 ¹⁵
2276 715 2417 784 dis-

292 800 521 891 positis
537 854 557 888 ,
583 790 910 873 scrobae¹⁶
938 809 1136 875 trium
1170 809 1236 875 in
1276 806 1686 882 altitudinem
1710 817 1953 911 pedum
1977 820 2415 910 fodiebantur,

294 903 611 996 paulatim
639 913 1014 1005 angustiore
1035 912 1082 952 ¹⁷
1111 913 1195 982 ad
1231 913 1531 984 infimum
1558 919 1834 1016 fastigio.
1863 927 2013 995 Huc
2040 942 2276 996 teretes
2297 929 2414 997 sti·

294 1011 492 1102 pites‚
513 1012 767 1086 feminis
784 1005 831 1040 ⁸⁸
849 1019 1278 1088 crassitudine
1290 1073 1310 1107 ‚
1327 1019 1412 1088 ab
1428 1048 1688 1094 summo
1706 1034 2016 1122 praeacuti
2035 1047 2102 1101 et
2119 1036 2414 1127 praeusti3

292 1113 807 1192 demittebantur
842 1125 930 1193 ita
952 1178 972 1212 ‚
990 1140 1064 1194 ut
1091 1151 1226 1194 non
1262 1125 1541 1221 amplius
1568 1132 1786 1227 digitis
1805 1137 1903 1206 IV
1932 1161 2013 1206 ex
2043 1153 2218 1208 terra
2252 1142 2413 1209 emi-

294 1240 530 1295 nerent
560 1253 575 1293 :
607 1229 835 1311 simul,
872 1231 1308 1300 confirmandi
1334 1247 1401 1300 et
1415 1236 1781 1309 stabiliendi
1812 1266 2042 1333 causa,
2066 1244 2299 1340 singuli
2331 1246 2433 1315 ab·

293 1328 524 1400 infimo
555 1333 696 1402 solo
720 1335 920 1430 pedes
943 1352 1118 1406 terra
1144 1336 1755 1414 exculcabantur¹9z
1784 1347 2032 1443 reliqua
2061 1376 2214 1445 pars
2242 1377 2419 1424 scro-.

293 1501 389 1573 qui
415 1505 596 1558 Romo
623 1507 754 1560 olim
783 1509 1050 1563 visebatur
1077 1508 1144 1563 ad
1175 1511 1315 1564 viam
1487 1514 1576 1568 15.
1597 1516 1659 1568 In
1691 1523 2008 1589 quincuncem.
2045 1522 2168 1577 Non
2197 1527 2418 1597 explica·

295 1581 635 1651 Flminiam,
660 1605 783 1640 cum
814 1588 914 1642 bac
945 1590 1313 1661 inscriptione:
1399 1593 1607 1648 catione
1619 1599 1888 1668 egetistud
1900 1603 2122 1655 verbum
2132 1617 2318 1676 utpote
2341 1626 2419 1660 sa·

339 1662 438 1716 ID.
471 1665 693 1729 QVOD.
740 1669 978 1721 INTRA.
1014 1670 1264 1722 CIPPOS
1402 1672 2048 1752 tisnotum‚enquinconce.
2070 1677 2176 1743 (V.
2192 1685 2279 1756 fig
2312 1684 2413 1755 9.)

349 1743 466 1796 AD.
508 1745 836 1801 CAMPVM.
870 1749 1069 1802 VERS.
1099 1748 1260 1802 sou
1487 1757 1574 1807 16.
1608 1757 1821 1812 Sembes.
1869 1761 2085 1826 Foveae,
2115 1760 2297 1835 Εόθροι,
2332 1766 2417 1818 des

413 1822 562 1877 EST.
597 1827 657 1878 A.
687 1827 853 1880 CAES.
885 1828 1195 1882 AVGVST.
1399 1837 1580 1901 espcces
1610 1837 1669 1887 de
1690 1844 1839 1907 puits.
1873 1840 2054 1894 Scrob.
2077 1838 2098 1900 (
2121 1844 2190 1896 V.
2208 1843 2294 1914 flg.
2326 1842 2415 1914 9.)

573 1905 1030 1960 REDEMPTVM
1487 1929 1509 1963 1
1522 1931 1554 1983 7
1564 1955 1576 1966 .
1590 1917 1836 1970 Paulatim
1845 1924 2119 1989 angustiore
2131 1923 2203 1973 ad
2206 1922 2416 1993 infimum

390 1980 729 2038 PRIVATO.
763 1986 1215 2041 PVBLICAVIT.
1388 1990 1615 2062 fastigio.
1638 1997 1713 2048 Ea
1735 1998 1891 2051 lectio
1912 2000 2139 2053 multum
2161 2003 2418 2075 interpre-

293 2059 421 2122 His,
450 2062 697 2135 inquam,
718 2063 788 2117 de
816 2068 1008 2134 causis,
1043 2087 1107 2120 ex
1138 2080 1315 2121 vetere
1400 2081 1477 2121 tes
1501 2076 1771 2130 cruciavit.
1787 2077 2013 2149 Scaliger
2036 2081 2238 2151 primus
2255 2102 2321 2136 ex
2336 2084 2416 2136 in·

293 2138 418 2193 cod.
448 2143 540 2212 qui
570 2144 728 2197 babet
768 2165 970 2216 cappos,
1005 2147 1214 2217 Lipsius
1243 2147 1318 2200 fa·-
1397 2159 1629 2222 tet-prete
1655 2175 1824 2226 graeco
1853 2158 2020 2223 forte,
2048 2162 2143 2231 qui
2168 2161 2328 2216 hahet
2346 2165 2414 2227 sie

294 2220 468 2273 ciebat
495 2242 678 2293 scapos.
709 2225 990 2296 Pei-peram
1008 2264 1026 2292 ‚
1051 2238 1104 2279 et
1130 2239 1315 2280 contra
1402 2226 1504 2283 ἅνω
1523 2272 1541 2298 ,
1564 2236 1803 2306 reposuit
1838 2238 1909 2289 ad
1931 2257 2186 2302 smmum,
2221 2238 2413 2315 decep-

294 2298 456 2354 codd.
473 2302 647 2355 Coesar
664 2304 746 2357 his
766 2306 976 2376 sepibus
989 2325 1183 2358 nomen
1201 2306 1314 2377 cip·

293 2398 491 2452 porum
498 2380 608 2448 dat,
616 2384 740 2454 quia
751 2397 813 2438 ut
825 2385 1201 2456 cippi,termini
1210 2386 1318 2439 via·

294 2478 444 2526 rum,
461 2461 727 2534 istaesepes
739 2476 850 2516 arte
871 2464 1135 2519 fabricata
1149 2465 1315 2537 impe·

293 2537 513 2595 diebant
525 2556 724 2609 euntes,
733 2556 787 2597 et
797 2544 932 2598 ultra
940 2544 1188 2618 progredi
1197 2565 1318 2619 pro-

297 2620 569 2675 hibebant.
587 2622 810 2676 Undein
831 2638 954 2678 vett.
967 2627 1166 2697 glossis,
1176 2626 1318 2680 inve·

296 2701 381 2753 nit
402 2702 553 2754 Voss.
570 2706 763 2773 ςοφρω
778 2742 794 2768 ,
809 2694 970 2766 sivein,
987 2707 1156 2767 λίθινος
1171 2744 1190 2770 ‚
1214 2726 1317 2777 ›top—

298 2782 387 2847 μὸς
405 2818 422 2845 ,
438 2777 658 2837 nodia-n.
681 2784 823 2836 Bene
841 2780 1039 2841 ποὸάκη
1062 2784 1321 2857 siguificat

296 2861 484 2932 cippos
513 2862 713 2933 ligneos
743 2882 834 2916 seu
866 2864 1092 2929 ferreos,
1123 2865 1318 2935 quibus

296 2940 532 2993 sontium
545 2940 707 3013 pedes
717 2942 1078 2996 includuntur.
1095 2974 1120 2986 -
1138 2943 1315 2998 Vallis.

295 3019 412 3073 Illis
424 3019 552 3092 ipsis
564 3023 722 3075 ramis
739 3035 793 3075 et
813 3023 1012 3076 truncis
1023 3022 1316 3094 preacutis.

389 3119 413 3153 1
428 3106 478 3163 4.
506 3101 640 3153 Ante
653 3103 754 3155 hos.
784 3103 907 3155 Scil.
923 3103 1124 3174 cippos,
1136 3121 1317 3155 versus

297 3179 492 3233 hostes.
510 3180 810 3250 Secundum
829 3200 994 3253 genus
1020 3181 1194 3253 operis
1207 3182 1262 3234 h.
1279 3182 1315 3234 l.

298 3257 636 3315 describitur.
651 3261 753 3314 Hic
767 3261 1052 3315 Oberlinus
1066 3299 1082 3325 ‚
1097 3279 1188 3314 sua
1202 3279 1321 3314 auc·

299 3340 515 3392 toritste
530 3378 547 3405 ,
568 3353 750 3393 contra
781 3338 937 3393 codd.
967 3353 1020 3393 et
1043 3342 1316 3412 interpret.

299 3437 455 3490 grec.
471 3455 487 3484 ‚
500 3419 610 3473 hnc
626 3421 786 3474 verba
812 3421 1084 3491 :dispositis
1111 3424 1161 3472 in
1185 3424 1320 3493 φαίη·

302 3517 494 3550 euticem
546 3500 813 3562 ordinibus,
853 3500 1095 3553 attribuit
1148 3499 1319 3572 cippis

302 3597 462 3649 supra
489 3580 820 3644 memoratis,
844 3578 1023 3634 dicens
1055 3597 1069 3632 ε
1097 3591 1209 3634 ante
1234 3580 1319 3631 hos

305 3652 580 3729 (cippos),
607 3659 810 3732 obliquis
837 3658 1080 3711 ordinibus
1106 3662 1157 3710 in
1187 3663 1322 3731 quin-

304 3757 496 3790 cuncem
527 3738 780 3810 daekposieos
792 3777 809 3801 ,
831 3739 952 3792 Non
973 3751 1148 3791 autem
1172 3750 1323 3791 erant

301 3817 451 3889 cippi
473 3819 531 3870 in
556 3819 908 3889 quincuncem
934 3816 1202 3889 dispositi,
1229 3815 1320 3870 sed

303 3898 516 3950 scrobes
561 3916 785 3968 quarum
832 3896 1118 3970 descriptio
1153 3896 1325 3968 sequi·

304 3990 413 4031 tur.
433 3977 626 4029 Noster
645 3989 819 4030 tamen
850 3976 969 4031 cod.
989 3995 1098 4047 reg.
1135 3976 1285 4046 5763
1303 4013 1321 4042 ,

301 4055 729 4124 mendosissime,
747 4070 801 4111 et
823 4059 934 4111 sine
959 4074 1114 4109 sensu
1129 4056 1320 4109 babet:

304 4139 390 4190 laos
416 4141 541 4207 cipp.
572 4137 876 4208 qvpellabant
896 4175 913 4199 ,
954 4156 1069 4210 quos
1112 4134 1324 4204 οὖίίᾳηοε

306 4216 551 4269 ordinibus
593 4221 644 4268 in
694 4220 994 4290 quincuncem
1040 4215 1278 4285 dispositis
1304 4253 1319 4277 ,

303 4296 510 4357 serobes,
537 4307 627 4349 ete.

1401 2318 1514 2377 tus,
1538 2325 1599 2366 ut
1624 2316 1880 2383 conjicio,
1909 2316 2009 2370 bac
2038 2337 2166 2372 voce
2184 2321 2410 2391 fastigvib,

1400 2391 1546 2459 qnod
1564 2393 1922 2449 contradicere
1938 2395 2150 2452 videtur
2162 2401 2328 2453 verbo
2347 2403 2421 2453 ad

1401 2471 1627 2541 hfimum.
1655 2474 1937 2547 Pei-peram
1967 2495 1980 2528 ε
2016 2496 2139 2530 nam
2156 2481 2415 2550 fistigium

1400 2553 1630 2607 sumitur
1641 2554 1953 2628 aliquando,
1980 2569 2043 2611 ut
2068 2559 2415 2634 altitudo,pr0

1399 2633 1780 2705 profunditate.
1791 2635 1943 2708 Virg.
1959 2637 2025 2690 G.
2052 2639 2088 2692 1.
2116 2658 2184 2705 11,
2197 2658 2248 2693 v.
2271 2642 2412 2697 288:

1399 2716 1577 2756 rensu-
1595 2727 1635 2756 ει
1649 2718 1855 2759 scrobibus
1869 2733 1955 2773 qu·
1968 2721 2047 2760 sint
2058 2722 2209 2775 fatigia
2221 2725 2398 2776 quur-s?

1400 2802 1455 2842 et
1483 2791 1683 2845 Lucan.
1710 2792 1746 2844 l.
1776 2811 1864 2859 Π,
1895 2799 2044 2864 296:

1753 2873 2314 2929 .......P·t·-·q·eoevsd

1427 2935 1598 2984 llo-th,
1626 2939 1676 2977 nd
1697 2939 1835 2990 irrigui
1860 2942 2053 2993 premitur
2076 2942 2228 2996 smigi·
2245 2947 2390 2999 compi.

1402 3019 1584 3072 Nostri
1595 3017 1750 3073 codd.
1765 3020 2278 3093 habentadinfimum.
2293 3027 2419 3079 Duo

1403 3111 1607 3152 tantum
1626 3097 1779 3152 codd.
1808 3100 1874 3152 ab
1905 3099 2253 3174 Oudendorp.
2270 3104 2418 3160 citati

1403 3180 1474 3231 ad
1493 3198 1738 3232 summunt.
1766 3178 1871 3233 Sed
1885 3178 1968 3245 id,
1982 3194 2174 3253 preter
2191 3180 2419 3238 difficul-

1402 3271 1564 3312 tatem
1588 3259 1706 3313 talis
1730 3260 1930 3313 scrobis
1955 3259 2271 3315 effodienda
2284 3301 2302 3327 ‚
2323 3281 2418 3335 po-

1403 3339 1665 3393 tissimum
1693 3340 1895 3406 obstat,
1931 3339 2077 3412 quod
2105 3342 2250 3394 nulla
2276 3342 2419 3396 simi·

1402 3418 1576 3474 litudo
1604 3418 1782 3473 futura
1807 3433 1887 3473 est
1908 3419 2045 3473 inter
2071 3422 2311 3475 scrobem
2350 3419 2419 3475 ad

1404 3500 1650 3553 infimmn
1670 3499 1911 3553 latiorem
1925 3511 2005 3566 ,et
2019 3500 2197 3563 lilim,
2213 3500 2284 3554 de
2309 3519 2417 3573 quo

1405 3580 1542 3633 infra
1575 3578 1826 3633 dicemus.
1872 3580 2054 3633 Scrob.
2079 3580 2167 3651 fig.
2203 3600 2257 3650 9.

1495 3662 1586 3714 18.
1618 3659 1848 3713 Feminis.
1868 3660 2010 3712 Bene
2037 3658 2128 3713 sic.
2159 3659 2420 3727 Λιβυκο-

1411 3742 1503 3800 ris,
1536 3743 1703 3803 semu,
1718 3741 1936 3790 serv-iuis.
1969 3738 2165 3792 Femen
2196 3751 2274 3791 est
2301 3759 2422 3811 pars

1406 3817 1630 3871 interior
1642 3809 1881 3883 femoris}
1900 3817 2019 3870 alvo
2030 3817 2288 3888 proxima.
2303 3820 2420 3873 Liv.

1404 3898 1501 3950 lib.
1527 3916 1648 3950 xxx.
1669 3898 1987 3970 Posteaquam
1995 3898 2176 3963 semine
2193 3897 2427 3970 wan-fico

1407 3977 1674 4037 cadentem,
1702 3989 1792 4030 etc.

1496 4074 1584 4125 19.
1614 4055 2321 4128 Singuli....e.tculcabantur.
2356 4059 2423 4115 12

1409 4136 1628 4207 singulis
1640 4136 1913 4189 scrobibus
1924 4135 2117 4205 singuli
2132 4135 2316 4207 pedes,
2329 4157 2423 4191 seu

1412 4216 1643 4288 spatium
1678 4215 1835 4268 unius
1870 4212 2020 4287 pedis
2055 4226 2193 4269 terra
2232 4219 2427 4270 calcata

1413 4295 1731 4367 replebatur.
1759 4296 1900 4367 Ετςο
1940 4313 2046 4348 uua
2079 4315 2199 4368 pars
2228 4296 2427 4353 mohi-

1889 4388 2034 4489 24³
