3111 5147
703 522 854 612 342,
988 526 1063 594 C.
1119 523 1403 599 JULII
1458 520 1931 591 CAESARIS
1985 519 2542 591 COMMENT.

696 656 828 728 alio
875 681 1190 745 ascensu,
1217 679 1458 725 manus
1497 653 1879 724 distinendae
1926 677 2164 740 causa,
2203 655 2487 722 miserat.
2537 654 2625 722 Hi
2654 654 2836 723 simi-

698 762 973 833 litudine
1013 787 1348 832 armorum
1360 760 1839 830 ²vehementer
1856 774 2123 890 ³nostros
2148 774 2690 854 perterruerunt:
2717 784 2797 830 ac
2814 815 2839 848 ‚

700 872 963 940 tametsi
985 869 1228 939 dextris
1258 869 1548 937 humeris
1574 868 1845 935 exsertis
1856 850 2631 953 ³animadvertebantur‚
2652 867 2837 961 quod

697 976 955 1069 insigne
997 960 1339 1069 pacatum⁴
1376 996 1517 1041 esse
1553 986 1932 1057 consuerat,
1956 985 2177 1039 tamen
2218 971 2339 1040 id
2322 997 2536 1066 ipsum
2576 975 2680 1041 sui
2713 971 2835 1041 fal·

699 1079 881 1151 lendi
904 1106 1100 1150 causa
1122 1079 1356 1149 milites
1376 1078 1462 1146 ab
1484 1078 1784 1146 hostibus
1808 1076 2055 1146 factum
2076 1077 2550 1147 existimabant.
2576 1079 2835 1148 Eodem

703 1200 1006 1282 tempore
1069 1188 1145 1255 L.
1191 1186 1430 1253 Fabius
1466 1185 1802 1270 centurie,
1840 1185 2080 1277 quique
2118 1207 2251 1251 una
2295 1209 2560 1251 murum
2604 1209 2835 1254 ascen-

704 1292 983 1381 derant,
1021 1293 1452 1361 circumventi
1496 1304 1694 1385 atque
1741 1289 2068 1359 interfecti
2119 1288 2203 1358 de
2258 1277 2488 1359 muro⁵
2534 1293 2831 1385 praecipi-

799 1510 851 1543 a.
901 1488 1228 1542 similitudine
1269 1508 1522 1542 armorum.
1566 1485 1728 1541 AEdui
1816 1481 1959 1548 sius(
1976 1504 2099 1538 nam
2123 1483 2286 1539 AEdui
2314 1505 2423 1539 non
2450 1488 2673 1559 proprie
2710 1489 2830 1541 sub·

709 1569 872 1635 enim,
897 1569 1096 1641 quippe
1120 1570 1214 1641 qui
1226 1568 1366 1623 Galli
1386 1580 1575 1632 essent,
1585 1585 1728 1620 arma
1812 1565 1939 1636 jecti
1955 1578 2105 1618 erant
2123 1564 2513 1631 Romanis),sed
2530 1579 2591 1619 ut
2615 1567 2831 1621 liberius

708 1649 894 1720 gallica
923 1649 1215 1713 habebant,
1236 1661 1288 1701 et
1306 1667 1408 1719 pro
1431 1648 1674 1700 hostibus
1701 1665 1731 1698 a
1816 1657 2063 1716 agerent3
2091 1645 2323 1717 expediti
2349 1647 2493 1699 enim
2511 1648 2735 1717 agminis
2756 1649 2832 1699 os·

708 1728 963 1782 Romanis
981 1747 1010 1780 e
1027 1729 1320 1799 longinquo
1331 1727 1622 1780 visentibus
1636 1726 1732 1779 hn-
1815 1723 1939 1777 ficio
1953 1725 2324 1795 fungebantur-3
2339 1722 2589 1788 (c'e‘taient
2602 1727 2688 1779 des
2709 1740 2829 1779 ovu-

709 1807 826 1859 beri
850 1819 1113 1878 poterant.
1810 1824 1897 1874 pes
1928 1802 2173 1874 ligere-ck
2196 1806 2282 1858 vel
2323 1806 2483 1858 etiam
2527 1819 2589 1859 ut
2631 1807 2828 1860 facilius

799 1886 854 1939 3.
883 1888 1087 1938 Dect-tris
1114 1886 1316 1937 humeris
1327 1888 1543 1937 exsertis.
1558 1882 1733 1937 Multa

712 1962 910 2017 diserte
945 1962 1163 2035 quidem
1188 1978 1241 2017 et
1267 1964 1528 2035 sapienter
1568 1962 1731 2017 disse-

711 2043 825 2097 ruit
869 2044 1089 2096 Vossius
1131 2062 1290 2115 super
1330 2044 1475 2097 hunc
1522 2044 1733 2107 locum,

715 2141 878 2194 quem
899 2121 986 2175 adi
998 2161 1016 2189 ,
1029 2125 1072 2176 si
1094 2123 1266 2194 placet
1283 2136 1336 2176 et
1355 2137 1520 2177 vacat.
1537 2081 1733 2175 Athaec

713 2203 894 2254 omnia
918 2220 982 2255 eo
1006 2201 1197 2255 adduci
1223 2216 1473 2275 possunt:
1496 2203 1608 2256 Cur
1626 2202 1737 2255 Cae-

712 2300 800 2336 ur
825 2282 914 2334 hic
940 2280 1072 2336 dicit
1092 2285 1147 2335 τὸ
1167 2283 1349 2335 dextris
1374 2284 1579 2333 humeris
1597 2301 1732 2333 exer-

716 2363 780 2413 tis
803 2379 915 2415 esse
934 2361 1141 2432 signum
1164 2363 1309 2434 pacis
1322 2399 1340 2427 ,
1358 2380 1524 2433 quum
1548 2374 1734 2413 contra

712 2458 781 2495 ex
818 2440 1066 2494 omnibus
1096 2442 1299 2513 scriptt.
1326 2440 1503 2494 latinis
1538 2439 1737 2491 brachia

714 2519 846 2573 anda
858 2558 874 2582 ‚
908 2538 1002 2572 seu
1031 2521 1216 2571 humeri
1241 2524 1416 2585 exerti,
1440 2519 1586 2590 signa
1609 2519 1736 2571 belli

716 2612 770 2652 et
787 2617 979 2670 pugnae
992 2612 1149 2669 atque
1162 2601 1322 2652 etiam
1337 2599 1632 2653 venationis
1649 2618 1737 2670 ap-

716 2676 1055 2749 pareanti’Sil.
1068 2679 1332 2746 It.v111;v.
1355 2677 1564 2748 5873de
1580 2678 1734 2732 Ceth.

769 2758 862 2810 Inep
840 2756 1225 2797 euehmeroexrtu·
1206 2757 1734 2812 sgmtilimcmwrepretm

769 2820 1132 2878 Difficilignndebn
1155 2835 1204 2874 eq
1207 2836 1437 2861 .........

716 2902 844 2956 Stat.
854 2903 1026 2957 Theb.
1043 2921 1117 2970 1v3
1127 2923 1178 2956 v.
1187 2904 1317 2958 235·
1301 2902 1734 3029 ,depugnatur-is:

767 2988 1058 3041 Exeiiuentrtg
1059 2988 1342 3030 “hument-oe

717 3063 841 3116 Non
874 3064 1045 3117 solum
1080 3077 1253 3118 autem
1290 3066 1435 3137 signa
1459 3085 1651 3138 pugnae
1680 3077 1737 3119 et

719 3143 1012 3196 venationis
1052 3156 1178 3196 sunt
1210 3149 1362 3197 eser-ti
1391 3146 1573 3197 limera·
1583 3168 1603 3208 ,·
1643 3144 1736 3199 sed

717 3223 1044 3275 contrarium
1055 3217 1228 3284 (velati
1237 3221 1436 3288 Immeri)
1445 3227 1736 3296 estsignum

718 3302 880 3406 pacis.
901 3299 1052 3354 Idem
1083 3300 1210 3354 Stat.
1238 3303 1429 3356 Achill.
1463 3303 1732 3369 13v.3:44

715 3466 776 3503 Aa
794 3410 883 3517 pn:-
884 3466 1195 3519 emsntremque
1211 3411 1355 3513 sedit,
1350 3480 1478 3507 eomes
1469 3413 1620 3507 'hug‘

717 3534 791 3575 Π·
792 3544 866 3581 ter,
881 3544 943 3574 eti
930 3536 1014 3588 ipsa
1027 3534 1206 3574 humero·
1231 3545 1361 3575 estat
1340 3550 1440 3589 nque
1419 3535 1644 3578 elur-chin
1630 3478 1741 3578 aruht.

719 3628 788 3679 At
817 3624 885 3678 de
910 3639 1058 3678 textu
1080 3627 1299 3686 Caesaris
1327 3627 1463 3681 nihil
1488 3642 1569 3682 est
1585 3628 1737 3684 dubii

720 3704 863 3776 apud
891 3702 1047 3757 codd.
1065 3744 1082 3768 ,
1105 3705 1207 3757 nisi
1237 3705 1384 3777 quod
1422 3726 1623 3779 graecus
1652 3711 1736 3763 in-

721 3798 921 3856 terpres
939 3803 1125 3838 vocem
1142 3785 1323 3837 dextr-ets
1343 3805 1454 3839 non
1475 3791 1737 3859 agnoscit,

721 3863 921 3917 ἄνοπλοι
955 3870 1066 3926 τοῦς
1101 3865 1453 3936 ὤμουςᾸΙιιάε
1474 3870 1736 3940 conjicere

716 3941 871 4008 licet,
894 3941 952 3994 id
974 3944 1138 3997 moris
1168 3945 1326 3999 fuisse
1350 3946 1518 4001 Gallis
1548 3950 1737 4001 Roma·

716 4039 911 4074 norum
936 4023 1116 4090 sociis,
1135 4038 1189 4078 et
1210 4026 1269 4077 iu
1299 4045 1486 4079 eorum
1501 4028 1736 4082 exercitu

716 4097 1143 4171 depugnantibus
1165 4142 1183 4168 ,
1227 4119 1289 4158 ut
1340 4105 1615 4161 humeros-
1641 4127 1737 4163 seu

717 4178 932 4230 brachia
977 4194 1142 4233 exerta
1179 4182 1435 4239 haberent
1451 4223 1469 4252 ,
1520 4206 1631 4241 non
1676 4188 1734 4240 in

718 4255 926 4326 signum
965 4260 1331 4330 sthectionis‚
1357 4278 1418 4318 ut
1450 4266 1569 4320 vult
1596 4268 1734 4321 Vos·

1815 1881 2275 1954 dignoscerentur,
2298 1897 2350 1937 et
2385 1885 2453 1937 ab
2482 1884 2548 1938 iis
2570 1886 2727 1939 amici
2755 1887 2829 1939 vi·

1817 1961 2084 2016 derentnr.
2137 1963 2294 2016 Hunc
2347 1982 2552 2017 morem
2604 1966 2829 2019 extitisse

1815 2055 1961 2113 patet
1988 2043 2250 2107 exLivio,
2260 2043 2358 2097 lib.
2372 2062 2522 2109 xxu,
2554 2049 2663 2110 46,
2675 2047 2833 2099 Anni·

1816 2122 1949 2175 halis
1978 2124 2267 2175 exercitum
2298 2122 2671 2178 describente.
2696 2125 2831 2179 Galli

1818 2221 1958 2272 super
1969 2202 2233 2253 umbilicum
2248 2204 2369 2254 madi
2381 2217 2532 2255 erant.
2552 2203 2651 2256 His
2666 2203 2827 2258 addo:

1819 2281 1994 2334 forsan
2022 2300 2050 2333 a
2074 2281 2341 2353 principio
2365 2283 2490 2335 belli
2505 2321 2521 2349 ,
2556 2284 2697 2336 inter
2720 2286 2830 2337 Ca-

1818 2378 1987 2413 sarem
2012 2372 2067 2413 et
2086 2359 2289 2414 AEduos
2311 2375 2525 2434 pactum
2541 2363 2737 2427 fuerat,
2766 2376 2827 2416 ut

1819 2440 2026 2511 quoties
2048 2440 2107 2492 in
2133 2460 2309 2512 pugna
2333 2440 2495 2495 AEdui
2518 2439 2583 2494 de
2602 2442 2824 2495 fortuito

1819 2520 2072 2572 Romanis
2105 2519 2444 2587 accederent,
2471 2520 2533 2575 ad
2566 2539 2723 2593 opem
2740 2522 2825 2582 ,fe-

1818 2597 2039 2656 rendam
2053 2599 2118 2664 ,ii
2129 2600 2361 2665 brachia,
2376 2602 2461 2653 vel
2473 2602 2735 2667 humeros,
2747 2603 2829 2656 vel

1817 2679 2147 2749 superiorem
2184 2680 2415 2752 aliqum
2446 2682 2685 2753 corporis
2716 2700 2830 2753 par-

1819 2769 1928 2810 tem
1953 2756 2302 2814 denudarent.
2319 2761 2553 2832 Quoquo
2569 2760 2728 2815 modo
2748 2781 2830 2816 ex-

1819 2838 1982 2909 plices
1995 2876 2012 2902 ,
2029 2856 2208 2892 sensus
2230 2851 2305 2891 est
2322 2840 2494 2893 clarus
2517 2854 2571 2893 et
2597 2855 2829 2913 apertum

1818 2935 1919 2969 nec
1939 2929 2110 2971 textus
2136 2918 2355 2971 minime
2377 2920 2757 2977 sollicitandus.

1902 3004 1954 3060 4.
1995 2997 2192 3067 Insigne
2223 3010 2466 3069 pacatum.
2512 3001 2739 3054 Ratitui
2770 3020 2833 3054 ex

1821 3076 2014 3130 nostris
2022 3074 2294 3129 codicibus
2302 3079 2835 3148 quibusconsentiunt

1821 3153 1977 3207 codd.
2000 3174 2184 3209 omnes
2201 3155 2657 3230 Oudendorpiani.
2678 3161 2838 3214 Caete·

1820 3234 1894 3287 ris
1915 3233 2071 3288 codd.
2091 3237 2270 3311 Qujac.
2298 3236 2438 3290 And.
2457 3236 2627 3291 Oxon.
2650 3239 2831 3293 Ursin.

1820 3314 2194 3376 nullavarietas
2203 3314 2837 3387 adnotataeanuaeomis·

1821 3392 1901 3445 sio
1913 3393 2221 3447 criticorum
2244 3393 2463 3450 debetur
2474 3396 2830 3467 negligentiaeg

1823 3491 1947 3525 nam
1970 3474 2139 3526 nostri
2163 3472 2273 3526 duo
2295 3474 2449 3528 codd.
2482 3475 2629 3546 5763
2662 3489 2716 3529 et
2752 3479 2831 3540 64

1822 3551 2190 3624 antiquissimi,
2201 3554 2326 3608 alias
2348 3574 2553 3627 semper
2566 3575 2690 3610 cum
2704 3575 2839 3628 prae-

1821 3629 1982 3685 ceden
1989 3631 2129 3685 tibus
2134 3635 2486 3687 consentiunt.
2500 3637 2832 3700 -Ραοαιωι,

1821 3730 1919 3783 per
1938 3730 2156 3784 syncop.
2176 3726 2583 3784 propat-aeorum.
2599 3716 2833 3786 Egom-

1819 3791 1946 3843 lim
1930 3793 2266 3863 interpretari
2278 3806 2518 3863 pacem,
2542 3815 2603 3858 a,
2625 3814 2717 3847 um.
2741 3793 2832 3847 ad·

1816 3884 1940 4003 ἰἰῖἓ
1957 3871 2430 4017 PiZi-ssnqfflff’
2446 3875 2835 4025 ffluff,

1820 4031 2081 4096 aulicum,
2113 4031 2345 4102 piisime,
2387 4034 2564 4094 eabae,
2599 4031 2836 4104 adeoque

1819 4113 2007 4181 signum
2024 4113 2236 4183 pacis....
2265 4111 2371 4164 Alii
2390 4116 2602 4181 pacatis.

1886 4191 1935 4243 5.
1948 4192 2029 4243 De
2041 4209 2190 4244 muro.
2201 4191 2282 4243 De
2294 4209 2401 4244 non
2411 4204 2630 4263 apparet
2639 4191 2694 4244 in
2703 4191 2837 4243 mul-

1820 4269 1886 4322 tis
1900 4269 2190 4336 codicibus,
2200 4282 2251 4324 et
2265 4270 2435 4350 reipsa
2450 4289 2634 4326 vacare
2644 4281 2835 4343 potat.
