3111 5147
749 589 910 635 xm
1334 565 1649 634 oRDo
1710 566 1838 632 ET
1899 524 2301 634 SUMMAss

842 688 919 757 2⁰
960 692 1086 757 Jul.
1126 692 1294 756 Celsi
1344 692 1800 757 commentarii-
1832 690 1915 756 de
1958 692 2088 757 vita
2121 693 2420 776 Caesaris,
2457 716 2610 758 cum
2651 696 2879 784 Praefa-

753 799 931 863 tione
964 798 1055 864 N.
1088 798 1171 863 E.
1204 799 1491 862 Lemaire
1507 847 1528 878 ‚
1583 796 1891 880 editoris;
1944 815 2240 863 veterum
2274 798 2357 864 de
2402 817 2666 865 auctore
2699 802 2880 865 testi-

754 906 989 973 moniis
1011 922 1126 990 ;,et
1156 904 1445 971 Diatribe
1474 904 1621 970 Joh.
1658 904 1894 995 Georg.
1932 904 2186 974 Graevii.

844 1017 918 1085 3⁰
962 1022 1035 1085 C.
1098 1020 1248 1084 Julii
1296 1020 1562 1084 Coesaris
1618 1020 1749 1083 vita
1809 1044 1846 1084 a
1902 1021 2252 1086 Plutarcho
2307 1022 2543 1113 scripta
2606 1021 2878 1087 Graece:

751 1125 1099 1191 Recensuit
1130 1141 1195 1188 et
1234 1125 1404 1188 notis
1451 1125 1794 1189 illustravit
1822 1126 1885 1190 J.
1932 1122 2030 1191 A:
2068 1129 2326 1207 Amat-,-
2368 1128 2475 1192 cui
2514 1126 2881 1218 praeligetur

755 1231 829 1295 C.
856 1232 889 1295 J
892 1231 1007 1294 ulii
1036 1231 1300 1295 Caesaris
1333 1229 1681 1294 Dictatoris
1708 1230 2095 1322 Genealogia
2119 1283 2136 1310 ‚
2177 1256 2254 1299 ex
2291 1234 2590 1299 Huberto
2625 1233 2880 1300 Goltzio

754 1341 1153 1430 Herbipolita
1181 1340 1590 1405 Venloniano
1622 1359 1938 1431 excerpta.

841 1453 919 1533 4⁰
971 1455 1231 1520 Graecus
1272 1456 1590 1545 interpres
1622 1457 2241 1522 commentariorum
2274 1456 2355 1523 de
2387 1459 2563 1524 Bello
2598 1460 2841 1525 Gallico
2857 1508 2878 1549 ‚

753 1584 790 1626 e
826 1563 1199 1628 recensione
1229 1562 1491 1627 Davisii.
1526 1562 1552 1651 (
1587 1563 1846 1654 Septem
1878 1564 2046 1630 libri.
2083 1563 2108 1652 )
2271 1560 2275 1564 Δ

840 1741 985 1805 Vol.
1021 1740 1133 1803 IV.
1196 1734 1263 1803 1⁰
1294 1738 1540 1802 Notitia
1584 1741 1885 1806 litteraria
1926 1740 2009 1806 de
2047 1742 2218 1806 Julio
2261 1743 2507 1807 Caesare
2525 1791 2545 1818 ‚
2585 1760 2881 1832 excerpta

755 1862 899 1912 tum
935 1868 1014 1910 ex
1047 1845 1197 1910 Ger.
1220 1843 1402 1912 Joan.
1427 1845 1692 1927 vossio,
1726 1846 1835 1909 lib.
1874 1870 1921 1910 1.
1950 1844 2032 1910 de
2061 1846 2226 1911 Hist.
2256 1848 2392 1912 Lat.
2426 1871 2563 1936 cap.
2603 1847 2708 1930 133
2733 1864 2878 1915 tum

752 1975 830 2017 ex
866 1952 1149 2017 editione
1188 1953 1569 2019 Ernestiana
1600 1952 2009 2017 Bibliothecae
2055 1953 2300 2038 latinae,
2334 1955 2431 2021 Io,
2476 1956 2619 2021 Alb.
2654 1956 2705 2018 F
2707 1956 2878 2019 abri-

753 2058 869 2139 cii,
904 2074 1063 2122 tom.
1103 2081 1158 2135 1,
1188 2082 1324 2149 cap.
1368 2085 1464 2125 1o.

844 2169 919 2239 2⁰
961 2172 1165 2240 Index
1198 2175 1580 2242 Editionum
1625 2191 1691 2241 et
1724 2173 2114 2241 Versionum
2153 2177 2228 2243 C.
2266 2176 2415 2240 Julii
2459 2175 2722 2249 Caesaris
2762 2176 2882 2240 Fa·
2922 2203 2925 2206 ·

752 2278 1039 2345 briciano
1072 2299 1135 2348 et
1168 2283 1516 2371 Bipontino
1559 2283 1924 2349 ‘accuratior
1961 2298 2026 2345 et
2057 2283 2307 2349 auctior
2341 2281 2423 2345 ab
2471 2285 2631 2347 Ant.
2672 2283 2873 2349 Alex.

752 2385 1048 2466 Barbiem
1085 2389 1431 2478 Regiarum
1475 2387 2020 2453 Bibliothecarum
2069 2386 2338 2452 custode
2376 2403 2440 2451 et
2470 2387 2884 2456 administra-.

751 2507 891 2557 tore
925 2493 1435 2584 vigilantissimo.

843 2606 916 2674 3⁰
948 2610 1102 2674 Duo
1132 2609 1375 2676 indices
1408 2610 1846 2701 geographici,
1878 2631 2164 2696 quorum
2197 2630 2369 2672 unus
2406 2609 2736 2675 exhibebit
2769 2633 2881 2675 no-

753 2715 958 2779 titiam
975 2705 1207 2778 novam
1233 2716 1511 2802 antiquae
1542 2713 1759 2778 Galliae
1775 2712 2176 2802 temporibus
2207 2713 2240 2776 J
2247 2762 2262 2777 .
2297 2714 2684 2798 Caesaris,ex
2699 2732 2875 2780 vete-

750 2821 931 2884 ribus
989 2821 1431 2884 monumentis
1477 2837 1541 2885 et
1587 2819 1927 2883 itinerariis
1974 2819 2183 2883 fusius
2233 2817 2635 2909 descriptam.
2699 2823 2877 2886 Alter

750 2948 903 2989 vero
933 2927 1073 2992 loca
1099 2927 1472 2993 summatim
1500 2925 1842 3009 indicabit,
1869 2949 2018 3014 quae
2057 2925 2494 3015 undequaque
2525 2929 2594 2992 in
2628 2930 2875 2993 Caesare

749 3050 1105 3097 occurrunt
1121 3083 1137 3115 ,
1158 3050 1223 3097 et
1253 3033 1493 3121 quibus
1521 3032 1717 3097 hodie
1741 3033 2119 3098 nominibus
2138 3033 2376 3098 Gallice
2406 3034 2871 3125 insigniuntur.

836 3143 913 3228 4⁰
951 3146 1153 3211 Index
1194 3146 1709 3212 absolutissimus
1742 3169 1961 3212 rerum
1994 3164 2060 3212 et
2085 3149 2444 3214 'verborum
2485 3150 2871 3213 memorabi-

748 3254 943 3329 lium,
981 3278 1125 3342 quae
1159 3270 1299 3318 toto
1334 3254 1571 3343 passim
1605 3277 1798 3342 opere
1830 3254 2113 3321 notanda
2150 3256 2385 3321 eruditi
2423 3257 2692 3322 lectores
2729 3257 2872 3320 ani-

751 3358 1223 3424 madverterint.
