3111 5147
740 572 889 663 294
1049 570 1126 640 c.
1180 567 1460 638 JULH
1513 564 1968 637 cAESAms
2021 562 2571 652 COMMENT.

733 701 1000 770 auribus
1042 700 1318 770 desectis
1337 753 1357 788 ‚
1395 713 1511 768 aut
1565 694 1834 793 singulis
1891 693 2144 764 effossis
2212 692 2420 764 oculis
2444 678 2519 782 ¹³,
2581 691 2857 763 domum

730 808 1040 894 remittit,
1069 822 1146 875 ut
1172 808 1301 877 sint
1319 804 1583 900 reliquis
1611 804 2048 890 documento,
2077 815 2144 869 et
2164 799 2621 895 magnitudine
2650 823 2861 894 poenae

729 928 1140 1008 perterreant
1180 912 1357 982 alios.

837 1022 920 1089 V.
978 1020 1097 1089 His
1134 1016 1465 1114 suppliciis
1493 1013 1793 1087 celeriter
1820 1029 2053 1085 coacto
2083 1014 2412 1102 exercitu,
2437 1007 2857 1083 Lucterium¹

731 1125 1152 1213 Cadurcum,
1179 1148 1451 1193 summae
1482 1123 1821 1192 hominem
1861 1120 2186 1209 audaciae,
2218 1145 2371 1190 cum
2406 1134 2597 1216 parte
2640 1120 2854 1212 copia-

730 1256 879 1300 rum
918 1232 986 1298 in
1026 1227 1366 1299 Rutenos³
1415 1230 1668 1299 mittit.
1715 1231 1851 1323 ipse
1905 1229 1971 1296 in
1975 1228 2348 1358 Bituriges
2397 1225 2852 1321 proficiscitur.

730 1336 890 1431 Ejus
921 1337 1205 1406 adventu
1238 1336 1561 1430 Bituriges
1588 1336 1673 1404 ad
1711 1319 2000 1403 AEduos³
2004 1387 2024 1420 ,
2053 1358 2335 1428 quorum
2373 1347 2558 1401 erant
2591 1333 2659 1399 in
2690 1330 2851 1414 fide,

730 1440 980 1537 legatos
1021 1444 1292 1512 mittunt
1334 1442 1696 1511 subsidium
1735 1456 2038 1535 rogatum
2060 1494 2078 1528 ,
2102 1465 2235 1537 quo
2276 1438 2519 1509 facilius
2559 1438 2851 1506 hostium

732 1552 953 1643 copias
1015 1550 1335 1619 sustinere
1393 1549 1662 1643 possint.
1722 1546 1918 1615 AEdui
1975 1545 2059 1615 de
2119 1544 2389 1615 consilio
2444 1545 2800 1640 legatorum
2825 1595 2847 1631 ,

729 1680 895 1750 quos
954 1658 1176 1726 Caesar
1235 1654 1319 1724 ad
1374 1655 1733 1724 exercitum
1792 1651 2144 1747 reliquerat
2174 1707 2194 1740 ,
2252 1655 2474 1748 copias
2529 1651 2845 1745 equitatus

728 1760 1188 1856 peditatusque
1233 1760 1523 1830 subsidio
1562 1758 1965 1856 Biturigibus
2003 1761 2289 1828 mittunt.
2349 1759 2483 1847 Qui
2522 1781 2728 1852 quum
2763 1753 2845 1823 ad

728 1866 977 1935 flumen
1017 1868 1306 1960 Ligerim
1339 1868 1706 1951 venissent,
1688 1866 1916 2003 quod
1950 1866 2273 1961 Bituriges
2307 1865 2391 1933 ab
2425 1863 2657 1934 AEduis
2694 1862 2848 1931 divi-

729 1970 830 2039 dit
849 1995 1132 2067 ,paucos
1152 1972 1288 2041 dies
1305 1971 1396 2041 ibi
1413 1988 1685 2060 morati
1688 1959 1943 2067 ⁴neque
1963 1970 2209 2041 flumen
2228 1970 2505 2039 transire
2537 1971 2725 2057 ausi,
2750 1967 2852 2036 do·

728 2100 914 2145 mum
942 2064 1404 2148 revertuntur⁵
1410 2078 1798 2175 ,legatisque
1815 2080 2055 2149 nostris
2072 2078 2482 2164 renuntiant,
2512 2100 2584 2145 se
2628 2076 2850 2145 Bituri-

727 2207 886 2278 gum
931 2184 1272 2279 perfidiam
1308 2188 1552 2256 veritos
1592 2186 1975 2273 revertisse,
2014 2184 2250 2280 quibus
2284 2182 2349 2251 id
2387 2181 2640 2253 consilii
2662 2180 2848 2251 fuisse

725 2294 1180 2385 cognoverint,
1191 2309 1289 2381 ut,
1305 2294 1359 2362 si
1386 2293 1634 2362 flumen
1651 2293 2054 2380 transissent,
2071 2315 2205 2360 una
2226 2315 2308 2360 ex
2329 2304 2518 2419 paerte
2534 2290 2684 2383 ipsi,
2709 2287 2848 2357 alte-

723 2394 1098 2466 raArverni
1117 2424 1184 2467 se
1203 2398 1775 2468 circumsisterent.
1807 2398 1888 2466 Id
1916 2422 2078 2467 eane
2097 2398 2179 2466 de
2197 2420 2395 2466 causa
2409 2379 2667 2490 ⁶,quam
2687 2393 2845 2489 lega-

724 2502 806 2568 tis
849 2505 1398 2597 pronuntiarunt,
1431 2528 1518 2572 an
1558 2502 1833 2599 perfidia
1862 2502 2129 2573 adducti
2156 2502 2467 2590 fecerint,
2497 2496 2845 2598 quodnihil

722 2607 912 2676 nobis
984 2623 1279 2696 constat,
1324 2635 1460 2678 non
1502 2611 1764 2680 videtur
1803 2637 1927 2706 pro
1978 2625 2161 2681 certo
2221 2635 2359 2679 esse
2402 2605 2823 2704 ponendum⁷
2826 2659 2841 2674 .

811 2815 893 2868 13.
935 2816 1153 2886 Singulis
1181 2820 1367 2886 effossis
1409 2819 1575 2872 oculis.
1618 2819 1742 2872 Uno
1829 2829 1950 2872 eunt.
1984 2816 2144 2884 Quod
2182 2818 2358 2871 minus
2401 2829 2603 2888 aptum.
2644 2816 2843 2888 Optimi

725 2895 919 2966 cuique
928 2896 1084 2950 oculo
1096 2898 1305 2963 effoss03
1315 2898 1400 2951 vel
1413 2910 1471 2951 ut
1483 2898 1573 2952 alii
1586 2898 1746 2951 inter·

722 2987 1022 3046 pretsntur:
1037 2975 1202 3031 effodi
1215 2979 1395 3032 oculos
1408 2978 1627 3050 singulis
1637 2980 1745 3051 jus·

723 3053 806 3107 sit.
828 3053 1072 3109 Notanda
1096 3071 1272 3112 autem
1293 3058 1743 3130 Vercingetorigis

722 3136 1001 3202 severitas,
1027 3149 1080 3190 et
1109 3151 1251 3192 certe
1278 3135 1576 3190 damnanda
1592 3175 1609 3202 ‚
1638 3138 1743 3190 nisi

723 3211 1010 3269 admodum
1018 3217 1303 3270 necessaria
1316 3217 1497 3271 fuisset
1506 3214 1574 3269 ad
1583 3217 1743 3270 levio·

722 3311 807 3345 res
827 3293 1104 3347 Gallorum
1121 3296 1323 3349 animos
1336 3296 1393 3348 in
1418 3297 1598 3349 officio
1619 3315 1743 3350 con-

722 3371 988 3426 tinendos.

801 3450 930 3503 Cu».
954 3454 1024 3506 V.
1053 3471 1100 3506 ι.
1132 3454 1418 3506 Lucterium.
1443 3455 1525 3507 Ita
1554 3454 1739 3507 scribi-

718 3541 810 3583 tur
827 3530 885 3581 in
902 3529 1056 3585 codd.
1074 3534 1292 3600 nosti-in
1313 3552 1423 3586 non
1445 3535 1739 3599 Lamachus,

717 3621 782 3662 nt
810 3610 926 3662 vult
957 3612 1192 3667 Vossius.

802 3708 853 3742 s.
877 3689 1101 3744 Rutenos.
1122 3691 1205 3744 Al.
1223 3693 1481 3746 Rullianus.
1515 3693 1671 3746 Male.

791 3768 1734 3845 3.AEduos.Hoeduos,oodd.5763‚64.

801 3855 853 3911 4.
892 3849 1225 3922 Quiquumm.
1251 3858 1436 3907 mmti.
1461 3853 1736 3919 Hocloco‚

718 3928 898 3998 potius
924 3927 991 3980 ad
1017 3943 1250 3984 mentem
1267 3969 1284 3997 ,
1311 3949 1469 4003 quam
1500 3931 1569 3987 ad
1592 3932 1734 3986 litte-

717 4024 831 4058 ram
845 4009 1073 4080 respexit
1087 4024 1270 4065 auctor
1282 4030 1299 4078 ;
1317 4013 1550 4084 alioquin
1571 4011 1735 4066 dixis·

717 4097 826 4150 set,
854 4107 1033 4158 qum...
1068 4104 1282 4145 mratoe.

801 4164 1215 4224 5.-Rmrtunw.
1243 4171 1330 4223 sic
1356 4170 1503 4224 MSS.
1526 4184 1581 4224 et
1610 4170 1730 4227 edd.

717 4255 844 4297 vett.
877 4244 1135 4318 Scaliger,
1157 4263 1210 4303 et
1235 4251 1550 4308 recentiores
1577 4271 1731 4304 rever·-

1828 2899 1973 2951 enim
1989 2899 2192 2969 scriptt.
2218 2910 2456 2967 tempore
2474 2897 2747 2968 prater-ito
2761 2914 2845 2949 so-

1825 2978 2039 3051 pissime
2054 2989 2337 3048 usurpant,
2356 2988 2647 3030 rever-temne
2666 2998 2689 3040 ,-
2714 2994 2845 3049 pra·

1826 3059 1961 3111 senti
1992 3070 2168 3110 autem
2204 3069 2444 3128 tempore
2490 3057 2697 3128 passive
2739 3057 2846 3109 fere

1827 3154 2034 3209 semper
2043 3137 2291 3201 efferunt,
2306 3147 2616 3188 renuuntur.
2634 3136 2841 3190 Cmu.

1909 3220 1961 3270 6.
1997 3217 2080 3269 [d-
2105 3235 2221 3268 eam
2263 3215 2323 3267 de
2349 3215 2843 3270 annumeramus-n

1824 3314 1884 3346 ne
1899 3296 2091 3349 fmstra
2104 3313 2309 3368 quaras
2336 3295 2393 3349 in
2415 3294 2555 3347 Mss.
2588 3293 2842 3345 Dos-vimi

1826 3387 1878 3427 et
1888 3373 2157 3428 edd.rom.
2182 3377 2377 3428 Venet,
2408 3393 2465 3426 ac
2486 3369 2702 3425 mediol.
2722 3372 2840 3425 Nee

1823 3456 1985 3522 male3
2003 3454 2287 3527 saepissime
2317 3454 2454 3508 enim
2468 3454 2523 3505 in
2543 3449 2840 3505 dubitatio·

1822 3536 2048 3606 ueprius
2064 3553 2123 3585 ne
2138 3535 2316 3588 omitti
2336 3536 2521 3589 crebro
2542 3531 2843 3586 docuerunt

1822 3612 2093 3668 doctiviri.
2105 3613 2253 3667 Ouo.
2271 3615 2461 3686 Reipsa
2472 3614 2593 3666 val.
2604 3613 2749 3667 Max.
2763 3631 2840 3679 vr,

1828 3713 1887 3759 s,
1916 3695 2035 3747 Ext.
2068 3695 2133 3760 33
2168 3695 2409 3756 Humane,
2440 3713 2509 3746 an
2533 3693 2841 3764 sublinoepu·

1823 3784 2033 3827 besem.
2052 3775 2295 3827 Attamen
2316 3771 2646 3828 codicesRR.
2663 3772 2841 3844 5763,

1825 3853 1973 3924 5764
1994 3892 2011 3920 ‚
2026 3866 2080 3907 et
2099 3854 2190 3907 alii
2203 3853 2661 3908 habenta‘deanede
2679 3871 2841 3907 cama.

1902 3951 1955 4004 7.
1980 3935 2275 3987 Ponendum.
2297 3932 2431 3987 Cod.
2461 3946 2643 3988 noster
2669 3933 2841 4005 regius
2904 3939 2910 3944 '

1825 4013 1974 4084 5763
1997 4052 2014 4078 ,
2037 4015 2410 4086 proponendum.
2458 4014 2609 4066 Alter
2663 4013 2843 4083 5764,

1813 4093 2111 4163 ponendum5
2138 4094 2267 4147 huic
2284 4093 2368 4147 vel
2384 4094 2461 4146 illi
2483 4093 2841 4147 assentiuntur

1819 4170 1975 4225 codd.
1994 4173 2111 4241 atii,
2129 4187 2241 4228 tum
2272 4174 2473 4239 nostri,
2488 4186 2605 4227 tum
2623 4170 2842 4226 Ouden-

1819 4250 2109 4325 dorpisni3
2140 4256 2210 4308 its
2239 4255 2303 4307 ut
2331 4254 2490 4308 lectio
2521 4255 2593 4309 sit
2621 4254 2842 4307 inoeru.
