3111 5147
721 552 858 622 182
1025 553 1102 621 c.
1158 549 1439 619 JULII
1493 497 1955 617 CAEs'Ams
2007 546 2554 617 COMMENT.

707 708 920 754 sarem
949 698 1274 752 venerunt
1293 736 1313 771 ,
1337 681 1450 775 qui
1477 680 1903 765 nunciarent,
1928 679 2266 771 superiore
2295 694 2526 768 nocte,
2556 683 2841 752 maxima

707 805 938 859 coorta
939 804 1409 920 tempestate,
1427 811 1637 883 prope
1665 809 1895 855 omnes
1932 808 2133 855 naves
2177 783 2492 876 afflictaS,
2535 802 2735 882 atque
2776 790 2839 858 in

706 881 963 966 littore³
994 897 1237 991 ejectas
1279 920 1454 982 esse;
1488 892 1671 988 quod
1712 915 1927 987 neque
1970 892 2278 961 anchorae
2324 891 2646 988 funesque
2691 894 2838 965 sub·

706 1005 1042 1090 sisterent,
1073 1028 1288 1098 neque
1325 1015 1540 1070 nautae
1578 999 2181 1095 gubernatoresque
2214 999 2349 1068 vim
2385 1003 2522 1094 pati
2558 1017 2837 1097 tempes-

704 1111 856 1178 tatis
887 1126 1185 1206 possent:
1218 1112 1436 1201 itaque
1465 1132 1545 1175 ex
1573 1131 1654 1176 eo
1683 1131 2010 1177 concursu
2045 1107 2315 1175 navium
2357 1131 2677 1202 inagnum
2703 1133 2837 1180 esse

700 1216 1198 1299 incommodum
1232 1230 1596 1310 acceptum.
2420 1259 2427 1266 -

811 1326 930 1391 XI.
989 1324 1108 1392 His
1151 1323 1348 1391 rebus
1387 1321 1702 1416 cognitis,
1746 1322 1971 1388 Caesar
2013 1316 2303 1414 legiones
2346 1321 2835 1418 equitatumque

701 1429 1033 1517 revocari,
1052 1444 1248 1524 atque
1272 1431 1505 1498 itinere
1533 1427 1845 1498 desistere
1857 1425 2047 1518 jubet
2062 1423 2102 1492 ¹:
2132 1426 2270 1522 ipse
2297 1425 2382 1496 ad
2400 1451 2602 1498 naves
2620 1453 2834 1499 rever·

703 1536 899 1604 titur:
934 1536 1166 1606 eadem
1208 1536 1376 1623 fere,
1408 1559 1553 1629 quae
1586 1558 1668 1602 ex
1711 1534 1967 1618 nunciis
2008 1530 2368 1627 litterisque
2404 1551 2835 1628 cognoverat,

703 1665 926 1712 coram
966 1641 1340 1740 perspicit²,
1362 1643 1456 1712 sic
1492 1655 1602 1728 ut,
1630 1641 1883 1710 amissis
1905 1639 2166 1708 circiter
2195 1642 2324 1708 XL
2350 1640 2664 1731 navibus,
2690 1641 2832 1711 reli-

700 1772 847 1842 quae
890 1764 1111 1818 tamen
1154 1749 1336 1824 refici
1375 1772 1569 1843 posse
1604 1771 1671 1818 m
1806 1771 1848 1814 o
1883 1747 2149 1840 negotio
2175 1746 2576 1828 viderentur.
2606 1750 2831 1843 Itaque

702 1879 783 1923 ex
816 1855 1180 1948 legionibus
1212 1855 1437 1926 fabros
1467 1852 1710 1947 delegit
1757 1905 1777 1940 ,
1807 1866 1873 1921 et
1905 1876 1987 1921 ex
2027 1854 2389 1922 continenti
2424 1853 2585 1924 alios
2620 1879 2828 1925 arces-

702 1962 813 2028 siri
854 1961 1080 2053 jubet,
1116 1961 1411 2029 Labieno
1454 1959 1715 2047 scribit,
1751 1972 1860 2046 ut,
1894 1982 2094 2052 quam
2136 1958 2451 2054 plurimas
2493 1963 2733 2055 possit,
2756 1964 2827 2032 iis

703 2063 1101 2159 legionibus,
1138 2092 1284 2162 quae
1318 2069 1448 2138 sint
1484 2066 1663 2162 apud
1686 2090 1874 2153 eum,
1904 2089 2106 2135 naves
2148 2067 2463 2136 instituat.
2502 2070 2686 2162 Ipse,
2713 2070 2827 2137 etsi

701 2197 804 2242 res
841 2189 982 2243 erat
1024 2174 1247 2243 multoe
1283 2199 1502 2270 operae
1539 2198 1617 2242 ac
1646 2170 1925 2259 laboris,
1968 2186 2188 2242 tamen
2226 2173 2826 2244 commodissimum

700 2304 840 2349 esse
877 2283 1136 2371 statuit,
1156 2306 1386 2350 omnes
1416 2305 1619 2361 naves
1659 2278 1969 2365 subduci,
1995 2294 2062 2348 et
2089 2304 2241 2348 cum
2260 2282 2491 2351 castris
2524 2305 2661 2350 una
2687 2307 2824 2350 mu-

699 2374 987 2455 nitione⁴
1022 2389 1354 2483 conjungi.
1385 2390 1468 2458 In
1495 2386 1600 2456 his
1636 2385 1832 2455 rebus
1862 2386 2124 2455 circiter
2158 2386 2296 2456 dies
2325 2386 2555 2456 decem
2592 2413 2823 2457 consu-

696 2494 854 2581 mit,
883 2518 967 2561 ne
1003 2496 1344 2564 nocturnis
1370 2491 1637 2588 quidem
1668 2493 2077 2588 temporibus
2110 2491 2195 2562 ad
2226 2491 2518 2563 laborem
2549 2493 2824 2564 militum

700 2678 835 2738 optt.
868 2667 951 2721 Al.
990 2681 1253 2739 conspectu.
1287 2667 1470 2720 Nostri
1509 2686 1724 2740 quoque

701 2744 857 2799 codd.
884 2758 1152 2817 prospectu.

781 2826 835 2877 3.
868 2825 930 2877 In
974 2829 1148 2880 littore.
1181 2827 1439 2879 Nonnulli
1469 2831 1520 2879 in
1561 2827 1717 2891 littus,

697 2916 918 2976 propter
964 2918 1187 2961 motum.
1232 2906 1516 2978 Pei-peram
1548 2925 1564 2960 :
1597 2926 1723 2960 nam

697 2997 1050 3057 preterquam
1063 2985 1209 3059 quod
1230 3005 1367 3059 sape
1381 2992 1432 3039 in
1444 3005 1569 3041 eum
1584 2988 1724 3040 abln-

700 3065 813 3117 tivo
845 3079 1104 3137 ponatur}
1136 3068 1259 3120 licet
1288 3079 1463 3120 motus
1493 3067 1620 3121 imit
1649 3067 1720 3121 si·-

698 3145 998 3215 gnificatio,
1028 3148 1141 3200 hec
1191 3147 1389 3201 locutio
1432 3160 1722 3220 usurpatur

700 3243 730 3276 a
758 3226 953 3279 Lucan.
982 3227 1019 3279 l.
1053 3245 1130 3292 11,
1161 3245 1214 3279 v.
1247 3246 1379 3298 711.

752 3313 827 3353 nie
841 3313 984 3355 lium
999 3324 1101 3354 ntes
1113 3317 1274 3371 gemin·
1285 3344 1297 3362 ,
1314 3315 1510 3368 donique
1527 3326 1682 3369 pantu

1147 3395 1348 3438 tractoque
1369 3388 1409 3424 in
1426 3385 1561 3427 littore
1574 3386 1679 3427 bello
1690 3415 1706 3436 0

751 3455 827 3495 nic
842 3455 1162 3509 primm-rubuit
1183 3456 1292 3496 civili
1303 3458 1491 3509 sunguine
1510 3456 1675 3497 neem.

748 3382 946 3438 Excepere
967 3399 1104 3424 muns
1117 3401 1128 3431 ς

566 3540 581 3551 ‘
694 3552 748 3593 et
788 3558 818 3592 a
853 3540 1043 3611 virgil.
1074 3541 1310 3612 apposite
1346 3541 1540 3613 magis,
1570 3542 1608 3596 l.
1637 3560 1712 3597 iv.

693 3618 973 3674 AEneid.v.
1009 3620 1124 3690 373
1157 3639 1171 3673 t

754 3734 896 3746 ......
919 3706 1096 3759 Ejectum
1118 3705 1251 3747 liuore
1262 3736 1274 3755 ,
1289 3716 1463 3761 egentem

742 3776 891 3832 Excepi
899 3804 1095 3818 ........

694 3857 828 3912 Cod.
851 3873 1030 3913 noster
1057 3863 1236 3932 5764,
1256 3861 1468 3915 iulium.

771 3940 900 3994 Cn».
923 3941 1019 3993 XI.
1056 3959 1105 3994 1.
1128 3942 1292 4013 Atque
1307 3947 1472 3994 itinere
1489 3942 1711 3995 desistere

680 4019 835 4088 jubet.
859 4020 1052 4092 Magna
1068 4022 1121 4074 h.
1146 4022 1182 4075 l.
1208 4022 1429 4075 varietas
1449 4022 1706 4077 lectionis.

689 4099 1030 4171 Antiquiores
1047 4103 1364 4155 membrano
1376 4140 1393 4167 ,
1413 4103 1553 4155 inter
1576 4120 1706 4173 quas

1807 2668 2000 2738 probat
2008 2666 2257 2720 Hotman.
2270 2668 2527 2722 Usitatior
2534 2685 2677 2725 certe
2687 2664 2823 2745 apud

1807 2747 2090 2818 scriptores
2120 2748 2347 2817 Romula
2371 2786 2388 2814 ,
2430 2750 2503 2802 ab
2536 2750 2711 2823 aliqua
2735 2769 2820 2816 re,

1807 2826 1891 2879 vel
1910 2826 2081 2898 aliqua
2103 2846 2161 2879 re
2182 2828 2438 2888 desistere.-
2464 2847 2575 2882 non
2590 2830 2711 2885 ideo
2728 2832 2821 2885 lec-

1808 2906 1884 2958 tio
1901 2919 2075 2959 tnmen
2088 2906 2416 2961 sollicitanda
2433 2922 2511 2962 est
2524 2927 2540 2962 ε
2551 2929 2657 2982 qua
2670 2930 2823 2984 prop-

1808 2998 1918 3052 ter,
1961 3000 2102 3060 atque
2134 2991 2184 3038 in
2230 2991 2392 3040 ium
2421 2991 2816 3063 resisterejuban

1804 3064 2163 3120 revocandum
2192 3085 2300 3120 non
2332 3087 2537 3122 censeo.

1891 3166 1940 3199 2.
1991 3146 2169 3200 Coma
2204 3152 2456 3220 perspicit,
2500 3153 2571 3201 sic
2611 3163 2697 3213 ut,
2730 3163 2818 3204 etc.

1804 3226 1923 3297 Ipse
1936 3224 2107 3293 videt,
2121 3228 2194 3280 ita
2208 3239 2382 3281 tamen
2399 3241 2458 3282 ut
2470 3228 2703 3300 reliquo,
2717 3243 2815 3284 etc.

1802 3337 1883 3348 —-
1898 3306 2087 3375 Magno
2109 3312 2317 3378 negotio.
2343 3309 2482 3362 Cum
2503 3309 2666 3362 multa
2694 3329 2816 3381 ope-

1799 3403 1859 3437 ra
1873 3423 1891 3451 ,
1920 3404 2216 3458 magnoque
2238 3388 2435 3442 labore.

1885 3466 1934 3518 3.
1966 3465 2155 3518 Fabi-os
2170 3467 2581 3539 delegitwjubet.
2610 3466 2811 3522 Eadem

1800 3546 2023 3597 mutatio
2041 3558 2341 3618 temporum
2364 3566 2483 3620 qua
2505 3567 2664 3619 supra
2686 3567 2734 3602 c.
2761 3569 2808 3603 ι.

1798 3623 2098 3688 -Ραόνοε,
2132 3639 2261 3680 teste
2283 3628 2439 3681 Livio
2454 3628 2521 3693 ,l.
2540 3628 2812 3694 1,Servius

1799 3701 1928 3757 duas
1951 3707 2212 3760 centurias
2230 3708 2554 3770 instituerat,
2568 3726 2686 3779 quo
2701 3709 2811 3761 sine

1798 3785 1955 3836 armis
1977 3785 2237 3856 stipendia
2256 3787 2512 3853 facerent,
2526 3785 2813 3859 datumque

1797 3875 1874 3916 est
1911 3883 2104 3918 munus
2118 3904 2134 3931 ,
2166 3878 2227 3919 ut
2267 3867 2536 3920 machinas
2574 3868 2631 3919 in
2671 3868 2810 3920 bello

1796 3943 2110 3998 fabricarent
2124 3983 2140 4010 ‚
2160 3965 2389 4017 quorum
2421 3948 2698 4017 praefectus
2727 3945 2809 4000 di-

1794 4024 2011 4077 cebatur
2033 4027 2289 4095 praefeceus
2318 4026 2553 4079 Febr-am.
2588 4027 2730 4080 Gon.

1875 4112 1927 4167 4.
1960 4104 2243 4158 Munitione.
2289 4106 2461 4158 Naves
2499 4118 2550 4159 et
2586 4106 2811 4159 tenton‘a

690 4190 868 4231 noster
892 4179 1009 4232 ood-
1033 4199 1142 4251 reg.
1174 4183 1323 4252 5763
1339 4219 1357 4247 ,
1383 4194 1526 4254 atque
1548 4184 1600 4233 ἰιι
1623 4186 1705 4233 iei-
1791 4201 1901 4235 uno
1925 4183 2217 4257 eodemque
2234 4186 2376 4238 vallo
2397 4205 2458 4238 ae
2481 4187 2618 4242 fossa
2640 4187 2814 4258 cinge-

686 4275 797 4308 πονε
823 4262 1033 4312 melum
1047 4261 1202 4331 jubet.
1228 4262 1402 4327 Quam
1425 4262 1705 4316 lectionem
1789 4263 1999 4317 bantur.
2032 4263 2157 4319 vid.
2186 4283 2229 4318 c.
2263 4280 2353 4320 aa.
2385 4265 2462 4320 Μ.
