3111 5147
751 511 906 594 4¹4
1047 508 1123 575 C.
1179 504 1465 574 JULII
1521 503 1996 574 CAESARIS
2051 505 2611 580 COMMENT.

747 665 930 735 qum,
965 637 1278 732 conjectis
1304 635 1603 708 celeriter
1630 637 2003 706 stramentis
2040 640 2474 707 tentoriorum
2504 640 2877 736 integendo-

746 773 898 818 rum
939 747 1186 841 gratia,
1226 759 1416 814 erant
1468 741 1893 832 inaedificata,
1933 742 2173 814 milites
2225 747 2575 841 contegit:
2622 748 2876 877 equites

747 869 970 926 tamen
1006 867 1074 923 et
1101 850 1471 926 auxiliarios
1499 850 1803 946 pedites
1786 874 1856 920 ιιι
1885 875 2115 924 omnes
2150 866 2370 946 partes
2408 838 2645 922 mittit⁵
2655 878 2878 948 ‚quas-

745 984 1029 1055 cumque
1069 960 1308 1054 petisse
1339 957 1728 1028 dicebantur
1763 958 2004 1028 hostes.
2050 959 2195 1028 Nec
2222 958 2512 1030 frustra·
2546 985 2704 1029 nam
2740 959 2873 1055 ple·

743 1092 1025 1161 rumque
1066 1088 1308 1161 magna
1339 1063 1566 1159 praeda
1607 1064 1798 1158 potiti
1837 1066 2044 1134 nostri
2076 1080 2527 1138 revertuntur.
2556 1067 2876 1162 Oppressi

745 1177 1072 1246 Carnutes
1109 1172 1343 1240 hiemis
1377 1168 1806 1259 difficultate,
1831 1185 2082 1244 terrore
2110 1171 2420 1267 periculi,
2449 1197 2658 1267 quum
2690 1176 2877 1243 tectis

742 1278 992 1375 expulsi
1032 1277 1216 1347 nullo
1257 1276 1406 1350 loco
1442 1276 1689 1350 diutius
1728 1278 2083 1352 consistere
2125 1278 2479 1366 auderent,
2515 1304 2641 1350 nec
2685 1279 2875 1350 silva·

739 1411 892 1457 rum
934 1383 1236 1481 praesidio
1279 1384 1776 1479 tempestatibus
1820 1383 2181 1456 durissimis
2221 1387 2355 1480 tegi
2393 1401 2700 1481 possent,
2750 1386 2872 1456 dis·

741 1495 948 1589 persi,
986 1516 1228 1587 magna
1266 1505 1455 1587 parte
1496 1491 1733 1560 amissa
1777 1514 2052 1561 suorum
2072 1545 2092 1580 ,
2127 1492 2529 1592 dissipantur
2570 1493 2641 1561 in
2668 1493 2870 1562 finiti·

739 1619 880 1669 mas
923 1599 1235 1668 civitates.

842 1708 961 1775 VI.
990 1707 1212 1775 Caesar
1238 1718 1538 1799 tempore
1573 1704 1727 1774 anni
1752 1702 2137 1778 difficillimo
2172 1727 2379 1797 quum
2407 1706 2564 1775 satis
2601 1705 2873 1775 haberet

737 1813 1201 1883 convenientes
1245 1834 1480 1886 manus
1521 1808 1877 1905 dissipare,
1907 1835 1995 1880 ne
2019 1789 2203 1904 quod
2234 1811 2493 1881 initium
2529 1809 2685 1881 belli
2726 1837 2869 1881 nas·

738 1931 1034 2004 ceretur3
1065 1929 1518 2010 quantumque
1551 1917 1621 1983 in
1655 1918 1909 1992 ratione
1948 1914 2159 1988 esset¹
2172 1969 2197 2005 ,
2218 1915 2668 2048 exploratum
2679 1918 2871 1987 habe-
2970 1957 2975 1960 -

737 2038 874 2111 ret,
894 2022 1017 2093 sub
1044 2036 1306 2117 tempus
1324 2019 1726 2096 aestivorum²
1746 2020 2001 2092 nullum
2032 2047 2368 2094 summum
2394 2008 2668 2093 bellum³
2682 2049 2873 2119 posse

737 2129 1041 2200 conflari.
1058 2131 1134 2199 C
1150 2128 1554 2202 Trebonium
1580 2153 1732 2199 cum
1754 2153 1809 2200 11
1834 2127 2231 2228 legionibus,
2248 2154 2410 2224 ιιι-ωε
2436 2155 2663 2200 secum
2681 2130 2870 2200 habe-

738 2235 905 2325 bat,
888 2262 956 2305 in
967 2235 1257 2306 hibernis
1272 2235 1532 2306 Genabi
1549 2233 1924 2306 collocavit·
1907 2236 2101 2330 ‚ipse,
2120 2261 2328 2330 quum
2342 2238 2591 2306 crebris
2610 2235 2869 2333 legatio-

736 2344 931 2413 nibus
958 2346 1323 2416 Remorum
1354 2343 1596 2412 certior
1624 2341 1847 2429 fieret,
1880 2340 2264 2412 Bellovacos
2283 2343 2446 2437 ‚qui
2472 2342 2627 2412 belli
2664 2343 2866 2475 gsloria

736 2449 965 2520 Gallos
1019 2474 1248 2518 omnes
1303 2447 1666 2542 Belgasque
1716 2435 2190 2544 praestabant⁴‚
2234 2435 2724 2544 finitimasque⁵
2767 2450 2863 2519 his

734 2635 928 2707 quibus
936 2631 1237 2706 praecedens
1250 2645 1557 2704 pepercerat
1574 2631 1757 2685 incen-
1844 2643 1977 2686 esset.
1989 2632 2261 2698 Quantum
2282 2632 2513 2688 humana
2524 2634 2734 2689 ratione
2748 2654 2867 2708 pm-

735 2712 912 2779 dinm,
935 2714 1017 2766 vel
1060 2731 1177 2785 qun
1214 2712 1315 2784 ipsi
1347 2711 1533 2765 incolae
1576 2723 1757 2784 postea
1844 2711 2013 2767 videri
2034 2725 2257 2784 poterat.

734 2795 1024 2847 refecerant
1053 2810 1069 2859 ς
1114 2792 1309 2864 partim
1352 2791 1407 2843 in
1457 2804 1596 2845 tecta
1635 2810 1755 2864 quae
1923 2812 1973 2845 2.
1995 2791 2096 2845 Sub
2115 2805 2292 2863 tenipus
2313 2794 2596 2847 aestivorum,
2626 2795 2788 2848 Recte
2806 2807 2859 2849 et

735 2874 927 2927 milites
960 2871 1404 2926 inoediflcaverant
1451 2872 1751 2925 stramentis
1837 2872 2100 2942 eleganter
2141 2883 2319 2943 tempus
2347 2878 2614 2926 ‹estimo-uu·
2644 2868 2668 2936 (
2680 2870 2859 2938 astas)

732 2953 1005 3025 congestis.
1032 2954 1225 3007 vossio
1258 2949 1500 3007 miranda
1539 2950 1753 3006 videtur
1838 2951 2130 3023 opponitur
2153 2950 2373 3005 hibemis.
2395 2950 2659 3005 Nonnulli
2686 2965 2861 3026 tenum

734 3053 838 3087 vox
860 3037 1072 3104 contegit
1097 3033 1268 3086 milites
1295 3044 1348 3086 et
1369 3032 1623 3104 proponit
1635 3051 1750 3084 eon-
1837 3034 2068 3084 oestivum,
2101 3030 2313 3084 Inutilis
2342 3030 2663 3086 emendatio.

734 3114 854 3184 legit
864 3152 880 3176 ,
896 3113 1156 3166 Oberlino
1173 3110 1369 3166 arridet
1395 3112 1712 3164 multumcon
1723 3141 1747 3154 -

721 3196 840 3265 jecit
852 3233 868 3256 ,
893 3193 1141 3265 pessime:
1155 3211 1278 3245 nam
1295 3205 1436 3245 certe
1457 3210 1569 3244 non
1590 3192 1749 3262 conje-

729 3269 828 3337 cit(
844 3274 885 3325 il
908 3292 967 3324 ne
980 3274 1088 3344 jeta
1108 3269 1236 3343 pas)
1268 3290 1366 3324 nec
1408 3271 1607 3341 collegit
1632 3282 1749 3324 tan·

731 3365 875 3416 tum,
906 3350 998 3404 sed
1037 3354 1247 3403 contexit
1277 3345 1352 3414 (il
1395 3352 1478 3401 mit
1524 3352 1560 3402 ἁ
1603 3351 1753 3402 l'abri

728 3432 811 3484 des
834 3434 1008 3502 bajus-es
1031 3431 1091 3489 de
1121 3431 1172 3482 la
1194 3426 1386 3493 sutton)
1406 3429 1599 3483 milites
1626 3449 1746 3483 suos

732 3511 978 3565 adversus
1019 3510 1207 3563 hiemis
1245 3521 1589 3581 tempestates.
1625 3511 1747 3565 vox

727 3595 950 3663 conjectes
973 3609 1082 3643 non
1105 3590 1276 3660 placet
1307 3588 1462 3641 Moro
1479 3627 1497 3653 ,
1521 3602 1576 3641 et
1600 3590 1747 3642 malit

727 3675 974 3741 congestas.
1007 3669 1272 3722 Hotmano
1299 3669 1606 3739 glossemata
1634 3668 1745 3722 hoc

726 3749 976 3805 videntur
1028 3752 1330 3802 tentoriorum
1392 3747 1746 3819 integendorum

722 3835 905 3902 gratia.
930 3830 1012 3884 Ne
1039 3826 1289 3883 audiendi
1324 3826 1542 3899 quidem
1580 3842 1703 3882 sunt
1727 3847 1742 3883 ε

725 3931 847 3965 nam
867 3909 1025 3964 lectio
1044 3909 1254 3982 vulgata
1277 3909 1413 3963 bene
1438 3928 1494 3963 se
1514 3909 1676 3962 habet
1693 3922 1747 3962 et

725 3991 1033 4045 auctoritate
1064 3988 1220 4043 codd.
1241 3988 1501 4043 firmatur.

808 4072 859 4124 5.
892 4070 1066 4124 Mittit.
1097 4070 1204 4123 Alii
1234 4070 1447 4123 dimittit.
1475 4068 1633 4122 Parvi
1657 4069 1741 4121 in·

724 4162 898 4204 terest.

803 4230 930 4285 Cn.
952 4230 1049 4283 VI.
1072 4248 1094 4283 1
1106 4270 1119 4282 .
1136 4229 1470 4300 Quantumque
1489 4234 1537 4280 in
1555 4230 1746 4303 ratione⁴

1921 3111 1972 3165 3.
1992 3109 2233 3163 Summum
2248 3111 2432 3164 bellum.
2456 3111 2858 3179 Gravissimum,

1834 3190 1919 3244 vel
1946 3184 2124 3263 potius
2153 3192 2208 3243 in
2239 3209 2347 3262 quo
2379 3210 2583 3244 summa
2618 3194 2697 3245 rei
2739 3212 2858 3247 ver·

1835 3271 1991 3335 titur,
2021 3288 2050 3322 a
2072 3289 2180 3341 quo
2209 3266 2499 3324 maximum
2521 3269 2716 3343 pendet
2742 3272 2856 3327 dis·

1834 3368 2054 3403 crimen.

1915 3436 1968 3493 4.
1991 3428 2163 3483 Gallos
2180 3449 2338 3481 omnes
2340 3429 2653 3500 prestabant.
2667 3430 2849 3501 Vulgo

1831 3510 2054 3562 verbum
2064 3520 2311 3579 proestare,
2332 3509 2628 3581 significans
2639 3511 2847 3562 antecel-

1833 3589 1941 3651 lere,
1963 3587 2202 3642 dativum
2221 3590 2372 3660 regit.
2398 3590 2755 3662 componitur
2777 3603 2857 3644 tt·

1833 3687 1953 3722 men
1971 3666 2239 3721 interdum
2251 3707 2268 3734 ,
2282 3681 2334 3721 et
2348 3668 2568 3740 quidem
2576 3670 2854 3741 eleganter,

1835 3767 1957 3801 cum
1971 3746 2248 3802 accusandi
2263 3766 2400 3801 casu.
2417 3749 2582 3803 Liv.l.
2594 3769 2629 3803 v
2645 3788 2661 3815 ,
2684 3752 2774 3804 36:
2791 3750 2855 3803 Ut

1831 3833 2049 3883 nuntiare
2057 3828 2245 3881 domum
2246 3841 2454 3899 possent,
2467 3842 2700 3901 qnantum
2712 3829 2848 3885 Galli

1829 3911 2009 3960 virtute
2022 3919 2214 3960 coeteros
2226 3909 2759 3979 mortalesproestarent.
2774 3910 2849 3962 Ite

1830 3988 2023 4060 passim
2045 3986 2188 4059 apud
2217 3987 2444 4059 optimos
2473 3990 2775 4061 scriptores.

1914 4068 1964 4121 5.
1982 4068 2033 4120 F
2031 4070 2328 4140 im‘timasqeoe
2341 4069 2412 4119 his
2431 4073 2664 4123 credentes.
2679 4070 2848 4140 Vulgo

1814 4144 2143 4219 finitimasque
2159 4152 2208 4199 in
2234 4151 2459 4200 civitates.
2478 4147 2622 4201 Male
2637 4160 2690 4201 et
2700 4166 2848 4202 sensu

1829 4226 2059 4282 sinistro.
2102 4225 2235 4283 cod.
2271 4241 2450 4281 noster
2483 4228 2639 4297 5763
2654 4266 2673 4295 ,
2688 4227 2844 4298 fim'tc‘·
