3111 5147
535 545 676 613 DE
726 545 1071 615 BELLO
1124 547 1610 617 GALLICO.
1668 551 1855 620 LIB.
1910 554 2089 622 VII.

2255 585 2395 656 291*

377 677 468 744 II.
507 677 628 747 His
657 675 855 747 rebus
877 677 1135 771 agitatis
1151 729 1169 763 ,
1195 677 1592 771 profitentur
1618 683 1979 772 Carnutes,
2007 715 2041 750 c<
2060 711 2128 756 se
2151 688 2407 764 nullum

267 780 643 880 periculum
671 784 1042 853 communis
1073 781 1299 853 salutis
1328 808 1527 854 causa
1551 811 1855 859 recusare
1874 816 1894 878 3
1914 789 2434 890 principesque*

269 913 356 961 ex
395 889 706 959 omnibus
749 886 994 959 bellum
1040 887 1330 960 facturos
1375 890 1811 986 pollicentur3
1843 884 1942 983 et,
1985 902 2296 992 quoniam
2340 906 2408 973 in

269 997 621 1092 praesentia
680 994 1016 1066 obsidibus
1095 1019 1330 1066 cavere
1403 998 1578 1068 inter
1622 1024 1693 1068 se
1716 999 1736 1023 ²
1796 1026 1932 1071 non
1989 1007 2240 1099 possint
2263 1062 2283 1095 ,
2323 1034 2408 1081 ne

268 1127 381 1173 res
420 1101 739 1175 efferatur
761 1155 782 1190 ,
822 1116 897 1173 ut
934 1101 1367 1196 jurejurando
1412 1128 1491 1175 ac
1540 1104 1673 1175 fide
1724 1110 2057 1178 sanciatur
2075 1163 2096 1198 ‚
2135 1127 2371 1207 petunt
2388 1171 2406 1203 ,

270 1205 529 1279 collatis
601 1208 992 1278 militaribus
1061 1210 1260 1303 signis
1285 1263 1305 1298 ‚
1361 1200 1541 1305 (quo
1605 1237 1791 1282 more
1867 1238 2098 1285 eorum
2154 1223 2405 1313 gravis·

274 1316 458 1385 simoe
503 1318 893 1387 caerimoniae
936 1317 1359 1385 continentur
1374 1300 1474 1407 ³,)
1511 1342 1632 1405 ne,
1662 1319 1840 1389 facto
1882 1323 2069 1391 initio
2108 1323 2260 1395 belli
2277 1379 2297 1414 ,
2325 1327 2409 1397 ab

274 1419 542 1515 reliquis
588 1422 993 1495 deseranmr.
1027 1451 1062 1487 n
1106 1425 1278 1497 Tum
1296 1476 1316 1509 ‚
1356 1422 1742 1497 collaudatis
1782 1427 2188 1499 Carnutibus
2207 1485 2228 1519 ,
2255 1431 2410 1507 dato

266 1527 700 1622 jurejurando
752 1528 836 1597 ab
887 1528 1193 1597 omnibus
1213 1582 1234 1616 ,
1272 1532 1385 1623 qui
1444 1530 1720 1600 aderant
1736 1584 1756 1621 ‚
1795 1544 2095 1628 tempore
2137 1536 2278 1628 ejus
2316 1542 2414 1608 rei

274 1634 634 1705 oonsu‘tuto
656 1687 677 1722 ‚
717 1633 801 1702 ab
845 1632 1123 1703 concilio
1166 1633 1540 1705 disceditur.

382 1741 507 1809 ΠΙ.
566 1740 704 1811 Ubi
745 1764 822 1811 ea
884 1739 1020 1809 dies
1069 1741 1250 1809 venit
1273 1791 1293 1827 ,
1336 1743 1703 1830 Carnutes»,
1755 1745 2044 1813 Cotuato
2088 1761 2156 1814 et
2194 1748 2408 1820 Cone·

277 1844 533 1921 toduno
583 1846 861 1916 ducibus
885 1899 905 1932 ‚
944 1845 1303 1941 desperatis
1362 1845 1741 1917 hominibus
1766 1902 1786 1935 ‚
1827 1850 2180 1920 Genabum
2200 1850 2217 1875 ¹
2257 1853 2413 1927 davo·

277 1977 468 2046 signo
549 1965 1000 2039 concurrunt3
1060 1954 1365 2046 civesque
1443 1978 1754 2023 romanos
1775 2008 1795 2043 ,
1857 1957 1971 2049 qui
2035 1960 2415 2053 negotiandi

279 2082 484 2155 causa
524 2059 615 2127 ibi
652 2059 1083 2135 constiterant
1101 2057 1145 2147 ²,
1178 2060 1246 2128 in
1287 2060 1391 2129 his
1421 2062 1497 2129 C.
1546 2062 1812 2129 Fusium
1859 2062 2078 2131 Citam
2098 2048 2146 2151 ³,
2177 2064 2412 2151 hones·

372 2257 502 2310 Cu’.
534 2257 604 2311 II.
641 2277 688 2311 1.
722 2256 1306 2328 Principesque.Vulgat.

287 2334 416 2392 edd.
452 2334 677 2404 addunt,
701 2356 767 2389 se.
802 2338 872 2389 At
902 2335 1111 2390 codices
1139 2335 1309 2389 nostri

288 2418 403 2471 RR.
425 2416 576 2487 5763
593 2455 609 2483 ,
636 2421 708 2480 64
726 2454 742 2482 ,
756 2415 911 2469 etalii
928 2416 1181 2489 permulti
1200 2435 1307 2468 non

288 2510 585 2570 agnoscunt
605 2516 900 2570 pronomen
913 2535 929 2561 ,
943 2497 1088 2549 velut
1103 2496 1308 2549 inutile.

371 2598 423 2632 2.
463 2577 724 2631 Obsidibus
750 2583 872 2630 inter
894 2598 942 2627 se
959 2598 1134 2630 cavere.
1159 2577 1310 2631 Utri-

289 2677 394 2729 que
420 2657 566 2729 parti
594 2657 660 2709 ab
691 2658 850 2709 altera
869 2676 935 2709 ne
950 2656 1310 2720 desereretur,

291 2735 586 2790 cavendnm
621 2748 763 2801 erat,
802 2747 958 2807 atque
997 2737 1067 2790 ita
1112 2736 1311 2789 satisfa-

296 2813 546 2869 ciendum
587 2814 743 2867 simul
798 2828 850 2868 et
905 2813 1266 2887 accipiendum
1297 2852 1313 2880 ,

294 2893 441 2968 quod
458 2895 617 2948 fiebat
636 2890 911 2948 obsidibus
922 2933 938 2959 ,
958 2907 1144 2947 mutuo
1161 2894 1312 2948 datis.

294 2975 553 3029 Nonnulli
563 2975 745 3047 legunt
756 2973 816 3026 de
824 2974 1081 3037 obsidibus5
1091 2986 1142 3025 at
1155 2993 1317 3025 cavere

292 3054 531 3108 obsidibus
546 3053 728 3108 differt
754 3074 782 3106 a
799 3074 960 3106 cavere
974 3053 1041 3107 de
1060 3051 1313 3105 obsidibus.

379 3137 552 3206 &Quo
568 3154 694 3186 more
704 3154 860 3187 eorum
871 3137 1164 3204 gravissim
1180 3135 1317 3184 caeri-

300 3219 472 3267 monioe
504 3219 815 3267 continentur.
848 3211 1017 3267 Codd.
1055 3212 1210 3265 multi
1252 3212 1317 3264 ab

303 3292 692 3387 Oudendorgio
716 3294 888 3357 citati,
909 3306 961 3346 et
992 3305 1170 3345 noster
1198 3287 1314 3344 cod.

301 3374 560 3428 vetustis&
578 3392 614 3424 n
644 3373 753 3443 576
765 3371 1040 3438 3‚hab‹mt,
1054 3371 1185 3445 quod
1195 3390 1320 3422 more

301 3473 460 3505 eorum
473 3456 757 3524 gravissima
770 3455 1022 3504 cerimonia
1036 3455 1317 3503 continetur:

305 3547 589 3604 utrumque
607 3545 746 3585 recte
762 3570 778 3596 ,
797 3529 957 3584 modo
977 3551 1077 3603 pro
1097 3532 1229 3603 quod
1244 3549 1322 3583 re·

303 3632 470 3683 ponas
499 3632 607 3684 quo.
637 3609 805 3665 Graec.
841 3612 1100 3682 interpres
1124 3609 1280 3664 habet
1305 3628 1318 3662 :

302 3691 381 3744 Τὰ
399 3691 703 3763 epa-rmum&
724 3694 906 3762 σημεῖα.
927 3691 1321 3761 συναθροίσαντις

241 3779 256 3792 “
303 3765 326 3833 (
341 3772 391 3832 ὃς
430 3772 564 3841 ὅρκος
611 3769 748 3842 παρὰ
790 3773 889 3832 τοῖς
937 3769 1135 3830 Γάλλοις
1180 3768 1321 3829 ὁσίως

304 3846 725 3922 διαφυλάττεται)
749 3848 857 3920 περὶ
880 3851 1062 3902 τούτων
1079 3885 1092 3906 ,
1122 3868 1166 3900 κ.
1196 3868 1246 3899 τ.
1272 3855 1319 3900 λ.

305 3933 375 3983 At
402 3929 745 3992 carimoniae,
766 3929 942 4001 inquit
966 3928 1179 3992 Morus,
1203 3939 1327 3980 sunt

307 4009 443 4063 ritus
468 4009 562 4082 qui
591 4027 829 4080 magnam
869 4007 1232 4061 auctoritatem
1274 4019 1328 4060 et

309 4088 416 4142 vim
448 4087 517 4141 ad
556 4086 959 4160 obstringendos
996 4086 1197 4139 animoa
1230 4086 1326 4140 ob·

309 4169 497 4222 tinent.
518 4168 673 4220 Ritus
702 4166 1017 4222 sacrosancti
1042 4177 1096 4218 et
1109 4164 1330 4218 inviola-

307 4245 439 4301 biles
456 4286 474 4314 ,
504 4260 748 4301 constant
776 4248 874 4301 hac
906 4266 995 4314 re,
1023 4245 1132 4300 scil.
1160 4244 1329 4315 siguo-

1394 2276 1517 2310 rum
1531 2260 1968 2330 comportatione.
1984 2262 2301 2328 —Quando
2318 2267 2416 2338 igi-

1397 2348 1483 2389 tur
1500 2337 1643 2391 Galli
1657 2339 1803 2410 signa
1827 2339 2073 2393 militaria
2090 2343 2417 2413 conferrent,

1396 2429 1511 2469 tum
1541 2435 1727 2489 magna
1753 2430 1864 2471 erat
1888 2431 1942 2471 et
1969 2436 2296 2476 sacrosancta
2325 2443 2419 2479 cn-

1396 2497 1623 2551 rimonia
1640 2535 1656 2561 ,
1688 2510 1741 2550 et
1769 2497 2023 2569 religione
2050 2515 2368 2558 consecrata.

1478 2577 1607 2630 Cu‘.
1622 2578 1720 2630 111.
1744 2597 1791 2630 1.
1814 2577 2080 2634 Genabum.
2100 2581 2412 2638 Vid.1ndic.

1397 2657 1822 2728 geographicum.

1485 2756 1534 2788 2.
1572 2736 1673 2806 Qui
1715 2738 1993 2806 negotiandi
2030 2759 2177 2792 causa
2211 2741 2281 2793 ibi
2305 2762 2419 2813 oon·

1399 2819 1636 2867 stiterunt.
1663 2814 1872 2868 Horum
1890 2818 2035 2871 varia
2058 2819 2216 2873 fuisse
2229 2840 2419 2892 genera

1402 2908 1453 2947 et
1467 2894 1683 2965 collegia
1698 2907 1956 2948 testantur
1969 2910 2094 2950 vett.
2120 2899 2420 2974 inscriptio-

1401 2972 1601 3028 nes.Sic
1611 2991 2010 3028 umorum-onus
2024 2994 2420 3048 Faunum-mn,

1403 3054 1597 3124 aliique
1635 3052 1798 3106 fuere.
1835 3052 2188 3120 Constiterant,
2226 3055 2280 3109 id
2312 3072 2389 3111 est
2403 3098 2420 3124 ,

1403 3130 1712 3184 morabantur
1730 3171 1745 3193 ,
1792 3131 2036 3202 degerant.
2080 3135 2247 3188 Vetus
2291 3137 2422 3209 lapis

1405 3209 1544 3284 apud
1554 3212 1755 3265 Forum
1764 3211 2167 3282 Segusianorum
2185 3228 2423 3287 repertus

1408 3305 1461 3348 et
1491 3311 1520 3346 a
1551 3293 1746 3344 Vossio
1778 3292 1963 3346 citatus
1991 3291 2183 3345 hahet:

1672 3369 1963 3424 NVMINI.
2004 3371 2156 3424 Avo

1664 3451 1828 3504 ΠΕΟ.
1857 3449 2168 3504 SILVANO

1626 3529 1853 3582 FABRI.
1885 3530 2213 3582 TIGNVAR

1585 3609 1734 3676 Qv1.
1770 3607 1980 3661 FORO.
2014 3607 2231 3664 SECUS

1688 3685 2142 3741 CONSISTVNT

1765 3768 1832 3819 D.
1866 3765 1917 3819 S.
1952 3765 1987 3818 S
2018 3766 2077 3819 P.

1496 3847 1546 3899 3.
1562 3844 1738 3898 Citam.
1752 3844 1924 3899 Codd.
1939 3865 2119 3900 omnes
2133 3859 2430 3903 constanter

1417 3927 1594 3981 Citam.
1616 3922 1772 3977 Unde
1789 3924 1965 3977 nescio
1987 3944 2087 3997 qua
2110 3925 2231 3980 freti
2251 3940 2430 3980 aueto-

1413 4007 1569 4060 ritate
1595 4001 1822 4057 editores
1847 4018 2197 4076 reposuerunt
2222 4006 2429 4060 Cottam.

1412 4086 1591 4152 Quare
1605 4103 1727 4137 cum
1749 4081 1996 4137 Oudend.
2020 4085 2226 4138 restitui
2253 4086 2429 4140 Citam.

1414 4164 1679 4220 Caeterum
1709 4177 1833 4216 nota
1865 4176 1941 4217 est
1961 4183 2087 4235 gens
2121 4164 2277 4218 Fusia
2320 4166 2431 4238 ple-

1411 4245 1559 4311 beia,
1591 4258 1644 4299 et
1666 4245 1723 4298 in
1748 4263 1810 4300 ea
1837 4245 1904 4310 Q.
1938 4243 2126 4300 Fusius
2155 4245 2406 4302 Kalenus.

1986 4350 2120 4446 19²
