3111 5147
716 518 868 607 446
1024 521 1101 590 C.
1152 519 1440 589 JULII
1496 518 1971 589 CAESARIS
2025 519 2580 590 COMMENT.

712 667 913 748 pente
954 677 1036 721 ex
1078 676 1158 721 eo
1202 651 1351 722 loco
1386 677 1540 722 cum
1581 651 1788 746 copiis
1829 649 2124 740 recedit3
2157 676 2282 722 nec
2324 676 2395 722 se
2429 654 2584 723 satis
2624 666 2852 722 tutum

714 759 857 828 fore
908 758 1266 828 arbitratur
1287 812 1307 848 ‚
1350 760 1473 828 nisi
1527 758 1774 827 flumen
1833 759 2123 853 Ligerim
2143 811 2165 846 ,
2205 758 2386 853 quod
2449 774 2594 828 erat
2643 775 2860 854 ponte

714 881 990 962 propter
1030 865 1548 960 magnitudinem
1597 864 2072 935 transeundum
2104 918 2124 951 ,
2164 867 2391 960 copias
2433 866 2857 936 traduxisset.

715 972 957 1042 Fabius
985 1025 1004 1060 ‚
1050 975 1170 1041 etsi
1225 971 1520 1040 nondum
1566 971 1636 1040 in
1686 985 2118 1066 conspectum
2162 986 2438 1040 venerat
2480 972 2784 1043 hostibus
2806 962 2860 1060 ⁴,

713 1102 929 1198 neque
957 1103 1026 1147 se
1062 1103 1215 1147 cum
1260 1079 1542 1148 Caninio
1584 1079 2059 1173 conjunxerat,
2087 1091 2308 1147 tamen
2351 1078 2590 1149 doctus
2618 1080 2759 1148 ab
2742 1082 2861 1166 1is,

714 1187 828 1280 qui
852 1183 1150 1254 locorum
1186 1200 1512 1253 noverant
1533 1197 1840 1254 naturam
1861 1185 2324 1278 ‚potissimum
2349 1185 2668 1274 credidit,
2698 1185 2857 1256 hos·

716 1305 816 1360 tes
843 1292 1228 1385 perterritos
1270 1316 1424 1360 eum
1455 1290 1673 1362 locum
1697 1315 1942 1387 ‚quem
1973 1289 2276 1386 petebat,
2309 1278 2692 1386 petituros⁵.
2723 1297 2859 1361 Ita·

717 1421 846 1493 que
882 1421 1036 1466 cum
1078 1399 1285 1492 copiis
1312 1397 1396 1466 ad
1419 1398 1726 1468 eumdem
1756 1411 2030 1516 pontem
2060 1398 2401 1467 contendit
2413 1401 2857 1492 ,equitatum-

720 1530 848 1601 que
872 1519 1130 1574 tantum
1153 1505 1513 1600 procedere
1532 1519 1685 1574 ante
1709 1529 1946 1599 agmen
1962 1505 2244 1599 imperat
2261 1503 2625 1599 legionum,
2643 1529 2854 1599 quan·

721 1627 865 1682 tum
880 1637 1086 1706 quum
1102 1613 1549 1706 processisset,
1566 1614 1705 1680 sine
1725 1609 2192 1704 defatigatione
2202 1636 2527 1705 equorum
2538 1615 2609 1680 in
2622 1611 2852 1680 eads-

724 1742 794 1788 se
831 1721 1156 1814 reciperet
1196 1731 1429 1787 castra.
1476 1720 1995 1812 Consequuntur
2035 1719 2286 1811 equites
2318 1720 2528 1787 nostri
2545 1773 2564 1805 ‚
2593 1733 2670 1788 ut
2710 1734 2856 1788 erat

723 1839 1127 1920 praeceptum
1153 1878 1173 1913 ‚
1215 1824 1666 1919 invaduntque
1708 1815 2042 1894 Dumnaci
2084 1848 2321 1919 agmen
2362 1851 2379 1891 :
2420 1839 2489 1893 et
2527 1824 2856 1920 fugientes

724 1988 919 2042 Noster
945 1986 1064 2040 cod.
1105 1987 1169 2038 R.
1201 1981 1383 2054 5763,
1423 1994 1477 2034 et
1500 1982 1639 2034 forte
1664 1980 1744 2034 illi

726 2085 862 2140 quos
887 2067 942 2119 b.
967 2068 1003 2120 l.
1028 2067 1156 2118 citat
1180 2060 1529 2133 Oudendorp.
1547 2062 1747 2115 habent

726 2159 778 2199 et
790 2165 1034 2199 romanum
1044 2183 1061 2210 ‚
1074 2156 1125 2198 et
1138 2155 1380 2197 externum
1399 2144 1628 2194 sustinete
1643 2141 1748 2193 loos·

731 2241 839 2280 tem.
869 2225 1004 2281 cod.
1041 2227 1224 2297 5764,
1248 2236 1302 2277 et
1327 2223 1415 2276 alii
1440 2222 1624 2293 legunt
1655 2239 1668 2274 :
1701 2233 1751 2272 et

729 2326 974 2361 romanum
988 2307 1164 2359 hostem
1179 2316 1230 2355 ee
1243 2316 1485 2356 externum
1502 2305 1746 2355 sustam-e.

729 2387 891 2442 Forte
912 2387 1136 2440 melius:
1165 2403 1288 2437 nam
1324 2400 1575 2439 romanus
1599 2400 1749 2434 exer·

729 2467 867 2520 citus
894 2478 1006 2521 erat
1030 2465 1187 2519 simul
1213 2474 1456 2534 respectu
1485 2461 1748 2513 Dumnaci

728 2559 778 2599 ee
803 2547 951 2599 hostis
965 2557 1016 2598 et
1036 2556 1272 2599 externus.
1287 2541 1391 2595 vel
1416 2540 1596 2632 potius
1608 2558 1749 2612 pone

728 2645 785 2679 se
796 2626 1023 2678 babebat
1032 2624 1315 2677 Caninium
1323 2619 1506 2674 castris
1517 2620 1625 2673 suis
1636 2639 1751 2672 mu-

726 2706 1082 2776 nitum,quem
1090 2703 1750 2771 mteafrusuaexpngnare

726 2795 1048 2848 tentaverat3
1074 2794 1128 2835 et
1170 2794 1248 2835 est
1288 2799 1508 2832 romanus
1552 2780 1700 2832 hostis
1727 2801 1749 2843 ‚-

730 2864 925 2918 Fabius
944 2862 1011 2917 ad
1046 2862 1300 2916 auxilium
1334 2860 1543 2912 Duratii
1573 2860 1748 2912 venie-

727 2945 851 3011 b2t3
880 2957 933 2997 et
953 2957 1032 2998 est
1052 2954 1271 2996 externus
1293 2941 1439 2992 hostis
1451 2958 1472 2992 .·
1489 2939 1748 2994 Praeterea

727 3024 1014 3097 cogebatur
1038 3026 1262 3095 respicere
1284 3033 1333 3072 ee
1353 3024 1514 3072 timere
1545 3020 1747 3091 oppida·

728 3123 842 3169 nos5
879 3123 1007 3176 ergo
1042 3103 1145 3156 tria
1186 3102 1265 3155 illi
1315 3113 1466 3154 erant
1503 3100 1747 3153 extimes·

726 3183 895 3237 eenda
910 3223 926 3250 ,
970 3202 1095 3255 ergo
1141 3180 1337 3234 codicis
1391 3180 1559 3233 nostri
1620 3197 1747 3250 pro-

726 3263 1040 3317 babiliorem
1060 3262 1341 3315 lectionem
1361 3257 1564 3330 judico,
1581 3277 1747 3329 quum

725 3343 863 3398 nihil
887 3342 1134 3396 insulsius
1164 3340 1298 3394 mihi
1322 3337 1566 3392 videntur
1588 3356 1748 3410 quam

724 3420 898 3476 istud:
918 3433 968 3474 et
991 3440 1235 3475 romanum
1255 3431 1496 3472 externum
1519 3422 1748 3470 sustinere

727 3502 919 3554 hostem.
949 3500 1208 3555 Nonnulli
1229 3500 1426 3552 babent
1453 3516 1555 3570 pro
1584 3509 1637 3549 ee
1661 3519 1747 3551 es*-

728 3594 930 3644 temum‚
956 3593 1006 3633 et
1023 3583 1291 3633 exercitum.
1313 3577 1493 3631 Minus
1513 3578 1664 3630 bene.

806 3668 859 3725 4.
888 3662 952 3713 In
980 3671 1274 3732 conspectum
1305 3669 1500 3709 venerae
1516 3657 1742 3710 hostibus.

727 3739 862 3795 cod.
890 3751 1070 3793 noster
1088 3741 1154 3792 R.
1175 3737 1325 3809 5763
1345 3736 1746 3802 hochnbessuti

722 3821 948 3873 maxima
966 3837 1087 3892 pars
1109 3815 1265 3871 codd.
1280 3815 1383 3869 Alii
1398 3854 1415 3881 ‚
1430 3820 1480 3867 in
1498 3829 1746 3888 conspectu

722 3898 925 3952 hostium
936 3910 1153 3960 venena·
1166 3898 1229 3951 C.
1248 3915 1463 3969 quoque
1474 3896 1536 3948 R.
1560 3897 1744 3967 5764:

720 3982 773 4030 in
810 3991 1057 4050 conspectu
1090 3979 1295 4030 hostium
1332 3987 1545 4029 venerat.
1584 3976 1742 4030 Male.

719 4058 764 4075 '⁵
782 4057 920 4113 idem
943 4050 1167 4113 varietas
1194 4070 1311 4110 tum
1336 4056 1609 4122 hocloco,
1630 4068 1745 4108 tum

796 4141 863 4200 8,
882 4141 992 4195 etl.
1016 4156 1096 4205 n,
1116 4156 1231 4210 cap.
1258 4155 1325 4208 ¹7
1345 4140 1429 4203 ,in
1454 4147 1639 4199 esset-a,
1659 4136 1744 4189 vel

799 4223 968 4278 castris
996 4232 1222 4280 murat,
1253 4229 1306 4269 et
1336 4217 1461 4269 alibi
1490 4216 1702 4289 passim.

805 4297 855 4348 ¹5.
888 4299 1019 4364 Eum
1050 4299 1231 4357 hcm,
1260 4314 1395 4368 quem
1419 4295 1640 4367 petebat,
1659 4316 1742 4366 pe-

1833 1984 2017 2035 eitum.
2051 1981 2168 2036 Hoc
2192 1983 2311 2035 loco
2342 1982 2474 2035 mira
2502 1984 2730 2036 varietas
2754 1984 2855 2037 leo-

1832 2062 2021 2127 tionis,
2059 2080 2217 2134 quam
2266 2081 2336 2114 ne
2386 2063 2591 2116 notavit
2634 2061 2854 2135 quidem

1833 2141 2018 2195 Oberl.
2037 2142 2231 2195 Noster
2245 2140 2364 2194 cod.
2385 2143 2450 2195 R.
2476 2143 2653 2214 5763,
2672 2144 2852 2197 Petu.

1834 2221 1966 2274 Scal.
1981 2221 2154 2275 Oxon.
2173 2221 2324 2275 Leid.
2349 2220 2548 2276 Andin.
2562 2235 2615 2275 et
2629 2223 2720 2275 alii
2735 2241 2854 2277 :non

1833 2320 1937 2353 oum
1966 2302 2118 2353 locum
2158 2321 2292 2374 quem
2315 2302 2573 2372 petebant,
2597 2307 2849 2374 petituros.

1834 2381 2100 2454 Cor-rupte
2114 2393 2167 2434 et
2186 2381 2316 2434 falso
2331 2419 2348 2446 ‚
2373 2382 2476 2434 nisi
2503 2400 2605 2453 pro
2620 2383 2854 2453 petebant

1832 2461 2128 2533 reposueris
2150 2461 2376 2531 petebam·
2406 2459 2461 2513 id
2487 2474 2595 2528 est,
2625 2461 2854 2516 aedidit

1832 2541 2009 2595 hostes
2047 2559 2156 2594 non
2187 2542 2446 2613 petimros
2475 2540 2727 2595 eumdem
2774 2543 2851 2597 lo·

1832 2640 1956 2675 cum
1991 2640 2150 2693 quem
2190 2622 2300 2693 ipse
2324 2622 2566 2693 petebat,
2594 2622 2663 2676 ad
2693 2642 2851 2695 quem

1833 2699 2112 2768 tendebat,
2132 2702 2242 2755 scil.
2275 2719 2429 2755 suum
2459 2719 2741 2756 occursum
2772 2704 2850 2757 vi-

1831 2794 2032 2835 taturos
2044 2818 2061 2847 ‚
2086 2793 2139 2834 et
2156 2782 2263 2835 hoe
2287 2782 2410 2834 satis
2428 2782 2688 2835 insulsum
2703 2782 2850 2837 vide-

1834 2873 1938 2927 tur,
1952 2874 2004 2914 et
2023 2861 2345 2914 contrarium
2367 2859 2853 2933 expeditioni.Vul·

1831 2954 1948 3011 gata
1969 2940 2165 3012 absque
2188 2940 2464 3013 negatione
2493 2960 2506 2994 ε
2533 2962 2639 2993 eum
2666 2944 2848 3007 locun,

1834 3039 1967 3091 quem
1982 3020 2233 3092 petebant,
2248 3025 2500 3092 petituros.
2515 3022 2717 3076 Insulsa
2738 3036 2851 3077 tau·

1833 3100 2056 3171 tologia3
2074 3118 2186 3153 non
2229 3114 2341 3153 erat
2374 3098 2594 3154 difficile
2634 3101 2852 3156 credere

1830 3178 2008 3232 hostes
2037 3180 2296 3252 petituros
2336 3181 2515 3234 locum
2547 3202 2678 3252 quem
2710 3194 2848 3253 pete·

1831 3257 1962 3312 bant.
1981 3258 2241 3312 Gruterus
2252 3279 2314 3312 ex
2329 3263 2621 3333 conjectura
2636 3273 2845 3315 tantum

1831 3358 1935 3390 eum
1957 3340 2132 3402 locum,
2158 3343 2242 3411 qui
2246 3342 2451 3411 patebat
2459 3336 2581 3401 (scil.
2600 3338 2840 3412 pontem)

1830 3419 2105 3489 petituros.
2128 3419 2251 3472 Non
2276 3421 2414 3473 male
2436 3432 2598 3485 certe,
2615 3418 2707 3472 sed
2725 3421 2842 3473 sine

1833 3499 2154 3551 auctoritate.
2197 3498 2302 3551 Alii
2341 3498 2556 3553 demum
2596 3498 2844 3554 Oudend.

1833 3577 2015 3631 Oberl.
2030 3590 2084 3631 et
2095 3576 2217 3630 edd.
2241 3578 2549 3650 Bipontini:
2572 3600 2675 3631 etan
2698 3581 2848 3633 locum

1831 3676 1965 3729 quem
1997 3653 2190 3729 (ipse)
2222 3659 2442 3728 petebat,
2478 3662 2729 3730 petitur-os.
2779 3661 2845 3713 Et

1830 3736 1957 3790 huic
1969 3737 2182 3790 lectioni
2197 3736 2420 3791 firmiter
2430 3736 2700 3793 sdbaereo:
2715 3740 2848 3812 reip-

1829 3834 1887 3869 sa
1912 3816 2076 3870 Fabio
2110 3836 2139 3869 a
2168 3817 2454 3870 Bellovacis
2487 3820 2720 3872 venienti
2749 3820 2845 3873 iter

1830 3907 1943 3949 erat
1964 3915 2063 3968 per
2085 3897 2679 3962 velocasses‚Auleroos
2704 3899 2844 3952 Ebu·

1830 3976 2032 4029 rovices
2039 3988 2092 4029 et
2102 3977 2431 4031 Cenomanos
2441 3990 2495 4030 et
2503 3976 2702 4043 Andes,
2708 3977 2847 4031 ideo·

1829 4073 1935 4126 qne
1951 4056 2152 4131 Ligeris
2171 4069 2281 4109 erat
2294 4055 2645 4111 transeundus
2660 4069 2715 4110 et
2728 4059 2846 4130 qui-

1829 4132 1954 4188 dem
2001 4154 2137 4208 pons
2173 4154 2332 4208 super
2367 4135 2615 4190 eumdem
2652 4156 2667 4190 :
2711 4139 2848 4191 bene

1828 4216 1990 4291 igitur
2025 4236 2128 4269 eum
2168 4216 2318 4268 Iocmn
2348 4236 2480 4289 quem
2522 4222 2622 4291 {ose
2656 4218 2847 4288 petebat

1823 4300 2070 4365 petituros,
2095 4295 2205 4350 scil.
2235 4307 2466 4368 pontem.
