3111 5147
566 534 705 603 DE
757 534 1102 602 BELLo
1158 534 2184 608 GALLlco.L113.v111.
2294 518 2447 630 445

297 689 632 735 novorum
659 662 1084 736 consiliorum
1110 690 1421 761 magnam
1441 667 1619 798 apud
1642 667 1961 739 barbaros
1988 673 2447 745 auctoritatem

299 772 611 861 haberet,
650 772 972 868 oppidum
1016 759 1549 842 Uxellodunum⁵
1554 771 1798 869 ‚quod
1839 777 1910 844 in
1953 775 2254 848 clientela
2303 780 2447 851 fue·

301 894 410 949 rat
442 880 625 973 ejus,
661 893 901 948 natura
953 876 1084 948 loci
1135 881 1399 976 egregie
1450 883 1779 950 munitum
1804 899 2153 1002 ‚occupat
2203 887 2336 956 suis
2380 902 2450 957 et

299 987 662 1081 Drappetis
701 988 910 1081 copiis
927 1038 946 1073 ‚
978 985 1475 1081 oppidanosque
1506 987 1629 1057 sibi
1658 988 2018 1084 conjungit.

410 1093 737 1161 XXXIII.
793 1093 953 1181 Quo
995 1117 1200 1187 quum
1237 1092 1587 1164 confestim
1631 1096 1708 1164 C.
1754 1096 2071 1166 Caninius
2113 1100 2401 1169 venisset
2422 1153 2443 1189 ‚

304 1198 982 1294 animadverteretque
1006 1251 1024 1288 ‚
1070 1223 1301 1267 omnes
1351 1199 1578 1294 oppidi
1621 1213 1843 1295 partes
1886 1207 2235 1299 praeruptis
2276 1209 2445 1278 saxis

301 1329 447 1375 esse
471 1306 789 1391 munitas,
817 1329 983 1405 qqo,
1011 1304 1405 1374 defendente
1437 1305 1656 1395 nullo,
1675 1321 1898 1376 tamen
1926 1313 2194 1380 armatis
2218 1335 2445 1383 ascen·

301 1410 461 1480 dere
488 1428 660 1481 esset
693 1409 1005 1500 difficile3
1033 1435 1290 1506 magna
1308 1427 1532 1481 autem
1571 1412 2042 1508 impedimenta
2076 1418 2442 1512 oppidano·

303 1543 456 1587 rum
484 1518 739 1587 videret
757 1572 777 1607 ‚
805 1542 953 1612 quae
989 1520 1042 1587 si
1075 1515 1482 1588 clandestina
1512 1518 1671 1614 fuga
1704 1519 2094 1592 subtrahere
2123 1549 2442 1596 conaren-

301 1637 417 1694 tur
434 1679 455 1713 ‚
491 1624 787 1719 effingere
830 1649 966 1693 non
1007 1624 1210 1694 modo
1244 1626 1610 1719 equitatum
1627 1624 1672 1714 ¹,
1704 1625 1822 1696 sed
1851 1651 1935 1696 ne
1976 1627 2263 1724 legiones
2299 1635 2442 1727 qui·

303 1730 456 1800 dem
500 1746 772 1826 possent
799 1756 815 1799 ε
860 1733 1191 1828 tripartito
1229 1731 1616 1801 cohortibus
1643 1732 1867 1803 divisis
1885 1787 1906 1821 ‚
1937 1736 2112 1804 trina
2140 1737 2441 1809 excelsis·—

304 1839 472 1907 simo
506 1835 657 1907 loco
695 1851 909 1909 castra
941 1837 1129 1927 fecit,
1159 1862 1200 1908 a
1236 1838 1475 1933 quibus
1507 1838 1824 1934 paulatim
1839 1893 1860 1927 ,
1886 1856 2206 1934 quantum
2234 1847 2441 1943 copiae

300 1945 759 2039 patiebantur,
791 1943 1038 2013 vallum
1080 1947 1164 2014 in·
1186 1944 1410 2041 oppidi
1448 1947 1796 2017 circuitum
1810 1945 1832 1970 ²
1864 1946 2109 2019 ducere
2143 1950 2438 2035 instituit.

410 2052 732 2121 XXXIV.
790 2049 994 2140 Quod
1015 2076 1240 2146 -quum
1286 2052 1583 2121 animum
1627 2052 2048 2124 adverterent
2080 2057 2394 2152 oppidani
2422 2113 2446 2147 ,

307 2158 800 2252 miserrimaque
833 2156 1064 2227 Alesiae
1095 2159 1416 2227 memoria
1450 2157 1708 2228 solliciti
1741 2158 2020 2230 similem
2051 2185 2278 2232 casum
2322 2165 2439 2235 ob·

304 2266 609 2334 sessionis
652 2278 1085 2352 vererentur3
1125 2265 1541 2358 maximeque
1582 2289 1667 2334 ex
1705 2266 2014 2337 omnibus
2057 2271 2406 2342 Lucterius
2419 2324 2440 2360 ,

302 2372 416 2465 qui
457 2370 737 2441 sortunae
776 2369 946 2441 illius
999 2368 1367 2465 periculum
1410 2371 1659 2443 fecerat
1681 2426 1702 2460 ‚
1742 2388 2045 2444 moneret
2063 2428 2082 2463 ‚
2126 2374 2442 2447 frumenti

304 2479 628 2548 rationem
659 2502 801 2547 esse
838 2476 1254 2547 habendam:
1288 2479 1700 2548 constituunt
1738 2482 2037 2550 omnium
2077 2506 2401 2554 consensu
2419 2537 2441 2576 ,

303 2600 492 2680 parte
527 2586 617 2655 ibi
652 2583 879 2655 relicta
920 2586 1261 2681 copiarum
1285 2640 1305 2674 ‚
1347 2587 1473 2681 ipsi
1511 2611 1667 2656 cum
1706 2587 2023 2683 expeditis
2063 2589 2150 2658 ad
2191 2592 2436 2686 impor-

301 2692 576 2762 tandum
622 2691 1026 2762 ftumentum
1064 2692 1412 2787 proficisci.
1453 2694 1557 2761 Eo
1599 2692 1878 2764 concilio
1918 2695 2200 2789 probato
2224 2750 2244 2784 ‚
2284 2723 2438 2793 pro-

301 2800 479 2867 xima
514 2813 746 2886 nocte,
773 2797 1032 2868 duobus
1070 2796 1356 2867 millibus
1398 2814 1807 2869 armatorum
1842 2799 2084 2871 relictis
2101 2801 2446 2898 ,reliquos

301 2928 386 2974 ex
416 2906 663 3001 oppido
692 2908 1001 3001 Drappes
1033 2919 1104 2974 et
1140 2906 1486 2974 Lucterius
1527 2905 1861 2975 educunt·
1898 2909 1943 2975 ii
1962 2932 2265 3004 ,paucos
2300 2910 2443 2982 dies

302 3014 586 3100 morati,
618 3037 699 3081 ex
734 3011 976 3082 finibus
1020 3009 1524 3080 Cadurcorum¹
1531 3064 1550 3099 ‚
1593 3013 1707 3106 qui
1747 3013 1990 3108 partim
2030 3038 2103 3082 re
2147 3013 2441 3085 frumen·

300 3120 467 3187 taria
494 3067 836 3188 sublevare
858 3143 973 3187 eos
994 3116 1376 3213 cupiebant,
1393 3118 1635 3213 partim
1663 3117 2046 3214 prohibere,
2064 3144 2197 3213 quo
2220 3123 2437 3194 minus

301 3241 689 3315 sumerent,
745 3250 882 3294 non
939 3238 1298 3320 poterant,
1352 3247 1670 3319 magnum
1725 3249 2077 3295 numerum
2123 3225 2439 3298 frumenti

387 3421 437 3471 5.
465 3418 831 3470 Uxellodunum.
856 3414 985 3470 Vid.
1015 3413 1176 3469 indic.
1203 3434 1328 3487 geo-
1415 3426 1631 3480 errsnt3
1656 3415 1823 3482 sorte,
1850 3429 1911 3469 ut
1952 3417 2027 3470 ait
2067 3415 2280 3485 Oberl„
2310 3421 2437 3491 qnia

301 3499 632 3571 graphicum.
1414 3493 1474 3546 in
1511 3496 1832 3549 membranis
1845 3534 1865 3562 ,
1891 3515 2020 3568 quas
2068 3497 2433 3569 inspexerant,

299 3601 308 3606 ·
384 3577 514 3631 Cu».
533 3575 1326 3647 XXXIII.1.Nonmodoequita·
1413 3576 1608 3628 omissa
1644 3576 1816 3629 fuerat
1862 3575 2054 3629 lineola
2097 3595 2257 3649 super
2292 3579 2435 3633 litte·

301 3670 418 3710 ἡαπ.
449 3654 778 3712 subauditur
800 3656 1092 3709 necessario
1118 3674 1215 3707 non
1233 3695 1248 3716 ,
1266 3666 1329 3707 ut
1412 3671 1527 3706 ram
1552 3673 1601 3707 u.
1626 3653 1769 3709 Vide
1794 3668 1968 3709 tamen
1994 3657 2033 3710 l.
2060 3674 2134 3723 n,
2159 3676 2205 3710 c.
2235 3674 2302 3728 17
2329 3677 2343 3711 :
2371 3659 2435 3712 In

301 3753 418 3809 sup.
441 3737 476 3790 l.
499 3754 572 3789 ιιι
586 3773 604 3801 ,
633 3756 678 3789 c.
702 3743 734 3800 4
752 3774 769 3801 ‚
788 3747 841 3788 et
856 3733 1001 3807 apud
1013 3735 1130 3787 Liv.
1149 3752 1170 3786 1
1186 3772 1203 3800 ,
1221 3741 1325 3797 40:
1412 3737 1618 3785 circuitu
1646 3740 1948 3788 munitionem
1965 3738 2282 3808 perfecerunt.

302 3836 398 3869 non
422 3816 565 3870 modo
592 3820 778 3879 cioicoe,
805 3816 895 3868 sed
919 3834 978 3866 ns
1005 3815 1194 3868 Italica
1210 3818 1326 3865 uir·
1494 3813 1620 3867 Car.
1646 3813 1904 3868 XXXIV.
1937 3834 1986 3869 1.
2017 3815 2297 3886 Eaefinibus
2330 3815 2431 3870 Ca·

293 3902 394 3968 pis,·
420 3909 474 3949 et
496 3915 579 3968 ap.
603 3896 799 3949 sustin.
825 3895 921 3948 lib.
955 3912 1097 3961 11,c.
1129 3891 1326 3947 1.vid0
1411 3893 1680 3946 amorum
1708 3893 1930 3948 Vossius
1959 3896 2139 3950 mallet
2171 3900 2222 3947 in
2242 3894 2430 3967 finibus

301 3977 554 4030 vossium
585 3973 653 4029 de
680 3986 965 4028 consta-act.
999 3993 1045 4029 c.
1086 3990 1242 4026 um.
1417 3973 1958 4037 Cadumommomisso
1966 3973 2436 4046 procedenticom·

385 4076 436 4108 ς.
466 4057 528 4109 In
558 4055 725 4128 oppidi
750 4053 1127 4107 circuitwn.1ta
1154 4053 1325 4106 nostri
1412 4068 1552 4106 mate
1566 4089 1584 4116 ,
1617 4052 1691 4105 its
1724 4065 1787 4105 nt
1814 4052 1927 4107 hac
1953 4055 2113 4108 verbs
2138 4053 2436 4126 penderent

299 4134 459 4190 oodd.
502 4148 557 4188 et
600 4133 1045 4205 Oudendorpisni
1091 4132 1323 4204 optimi,
1411 4152 1439 4185 ε
1472 4131 1848 4205 superioribus.
1866 4132 2147 4207 Pei-peram
2168 4153 2321 4191 :narn
2337 4155 2431 4192 oo·

300 4214 376 4266 ita
418 4234 632 4289 qnoque
670 4213 940 4287 postulant
974 4213 1326 4286 grammatico
1411 4207 1558 4266 dices
1587 4230 1771 4265 omnes
1791 4211 2076 4285 vulgatam
2103 4213 2348 4283 firmant,
2376 4227 2435 4272 οἳ

302 4293 429 4357 επίς
453 4313 695 4352 canones.
723 4295 831 4360 Qui
875 4294 1059 4364 legunt
1094 4296 1323 4356 circuitu,
1410 4292 1619 4366 phrasis
1632 4305 1776 4346 necte
1794 4290 1929 4346 fluit.
