3111 5147
761 534 904 615 140

853 664 936 729 X.
988 661 1214 733 Mosa¹
1264 664 1534 759 profluit
1573 689 1654 733 ex
1692 676 1917 732 monte
1957 660 2282 757 Vosego²‚

968 526 973 529 ’
1065 534 1141 601 C.
1195 531 1473 601 JULII
1526 529 1989 600 CAESARIS
2041 529 2585 602 COMMENT.

2320 664 2433 757 qui
2472 676 2573 733 est
2607 663 2678 732 in
2719 662 2851 734 fini·

745 765 869 835 bus
900 769 1307 863 Lingonum,
1336 785 1435 858 et,
1456 783 1645 864 parte
1674 768 1958 863 quadam
1998 794 2080 838 ex
2118 769 2355 837 Rheno
2395 783 2691 864 recepta,
2718 795 2855 864 quae

634 924 639 929 ,
744 871 1112 988 appellatur
1139 862 1445 944 Vahalis³
1450 875 1773 965 ‚insulam
1804 874 2008 945 efficit
2034 879 2465 944 Batavorum·
2449 900 2703 970 ‚neque
2730 874 2856 945 lon·

743 978 887 1071 gius
920 979 1005 1048 ab
1045 1006 1124 1049 eo
1156 979 1441 1051 millibus
1471 1005 1786 1076 passuum
1807 982 2117 1050 LXXX
2101 1006 2169 1049 m
2191 983 2532 1050 Oceanum
2571 968 2849 1051 transit.

742 1084 1017 1155 Rhenus
1044 1101 1266 1155 autem
1301 1089 1510 1156 oritur
1542 1112 1624 1156 ex
1663 1088 2050 1216 LepontiiS,⁵
2064 1087 2176 1181 qui
2216 1085 2414 1181 Alpes
2443 1086 2768 1177 incolunt,
2792 1101 2856 1156 et

742 1186 941 1285 longo
974 1195 1192 1287 spatio
1229 1218 1348 1299 per
1382 1193 1545 1263 fines
1583 1178 2073 1282 Nantuatium⁵‚
2110 1191 2593 1281 Helvetiorum,
2616 1194 2851 1287 Sequa—

834 1391 963 1445 Cn.
1004 1393 1075 1445 X.
1127 1411 1175 1446 1.
1213 1393 1372 1447 Mosa.
1416 1394 1615 1448 Totum
1655 1394 1758 1446 hoc

742 1484 899 1541 caput
928 1490 957 1523 a
985 1472 1266 1542 glossatore
1295 1473 1559 1527 intrusum
1587 1473 1758 1544 suspi-

743 1550 961 1603 cabatur
976 1550 1214 1616 criticus,
1228 1554 1293 1604 ab
1309 1552 1489 1606 Oberl.
1508 1572 1666 1622 supra
1682 1554 1759 1605 ci-

740 1640 899 1683 tatus.
926 1631 1212 1702 Perperam
1237 1646 1291 1686 et
1319 1631 1432 1685 sine
1460 1651 1631 1686 causa.

827 1729 878 1763 ι.
913 1710 971 1760 V
962 1730 1120 1780 osego.
1144 1712 1305 1763 Varie
1324 1712 1574 1764 scribitur
1606 1712 1664 1762 V
1656 1731 1758 1762 ose·

741 1807 854 1858 gus,
883 1790 1127 1859 Vogesus,
1158 1808 1250 1842 seu
1279 1791 1518 1860 Vosagus.
1544 1790 1754 1853 Graece,

742 1868 975 1929 Βοσῆκος.
1001 1869 1198 1921 Lucan.
1231 1868 1268 1920 l.
1287 1870 1345 1933 1,
1369 1888 1421 1921 v,
1453 1871 1564 1939 397
1594 1888 1607 1922 :

769 1951 984 2005 Castraque
1001 1982 1012 2000 ‚
1043 1966 1129 2004 qua
1155 1954 1294 2005 Vogesi
1313 1966 1470 1993 curvam
1501 1966 1622 2007 nuper
1640 1953 1760 1994 ndu·

875 2036 971 2074 rupe
972 2036 1012 2061 m

767 2093 966 2146 Pus-agna
983 2093 1096 2145 pictis
1119 2093 1522 2149 mhibebantunngon
1499 2111 1566 2137 nas
1584 2099 1712 2138 annin.

743 2172 885 2227 Vide
916 2173 1155 2228 Gadium
1176 2175 1243 2228 ad
1269 2177 1503 2250 inscript.
1524 2179 1759 2247 Gruteri‚

744 2272 798 2325 p.
835 2260 938 2323 94,
964 2243 1033 2307 n⁰
1073 2274 1160 2309 10.
1188 2256 1478 2311 Glareanus
1502 2260 1628 2330 legit
1656 2261 1763 2312 Μο-

742 2352 930 2403 segunu
959 2353 1077 2405 quae
1098 2355 1198 2388 vox
1213 2337 1396 2407 gallica
1408 2357 1437 2390 a
1453 2339 1685 2391 romanis
1701 2339 1758 2392 in

741 2413 957 2466 latinam
997 2427 1050 2467 et
1086 2415 1381 2468 molliorem
1420 2418 1645 2470 formam
1674 2437 1757 2472 re·

743 2490 894 2545 dacta
922 2493 1045 2546 fecit
1078 2494 1136 2546 V
1128 2514 1333 2563 osegvm.

838 2573 889 2625 3.
940 2572 1161 2626 Vahalis.
1205 2575 1366 2627 Varie
1413 2575 1661 2630 scribitur
1700 2578 1757 2630 in

741 2649 898 2704 codd.
927 2652 1140 2705 Graecus
1169 2653 1389 2724 interpr.
1419 2655 1658 2718 Βάκαλος.

822 2738 878 2794 4.
902 2731 958 2782 E
962 2742 985 2780 t
989 2744 1136 2801 parte
1155 2734 1437 2803 quadam...
1452 2739 1639 2789 tmnsit.
1655 2736 1759 2788 To·

742 2821 851 2861 tam
879 2810 1015 2862 hanc
1054 2811 1289 2883 phrasim
1318 2813 1450 2866 mire
1478 2816 1757 2884 perturba·

741 2901 934 2942 verunt
961 2891 1274 2963 interpretes
1303 2893 1636 2946 recentiores.
1676 2894 1755 2946 En

740 2967 898 3020 lectio
937 2971 1173 3041 vulg-ata,
1212 2990 1329 3042 quae
1372 2991 1491 3025 meo
1541 2971 1757 3043 quidem

743 3066 899 3101 sensu
936 3050 1146 3120 planior
1187 3050 1469 3104 videbitur.
1510 3053 1588 3104 Et
1616 3065 1759 3122 parte

742 3128 947 3198 quadam
960 3130 1115 3182 Rheni
1126 3125 1146 3191 (
1159 3129 1505 3203 Oudendorp.
1520 3152 1580 3183 ea:
1592 3132 1758 3183 Rheno

743 3207 855 3260 sine
884 3204 1066 3268 causa)
1091 3222 1304 3280 recepta,
1334 3230 1441 3281 quoe
1487 3212 1760 3281 appellatur

748 3286 953 3338 Vahalis
964 3326 979 3349 ,
1009 3288 1211 3339 insulam
1246 3288 1395 3357 efficit
1430 3290 1724 3342 Batavorum
1737 3311 1757 3351 ,-

742 3384 890 3436 neque
916 3366 1103 3435 longius
1125 3367 1187 3417 ab
1210 3388 1265 3418 eo
1280 3364 1364 3429 (id
1390 3381 1469 3420 est
1491 3368 1639 3434 loco,
1664 3371 1758 3422 uhi

745 3443 1001 3497 Vahalem
1043 3441 1271 3517 recepit)
1298 3446 1501 3498 millibus
1526 3466 1758 3517 passuum

744 3541 907 3585 Lux,
944 3529 993 3575 in
1037 3524 1280 3577 Oceanum
1318 3530 1504 3578 tramit.
1539 3526 1757 3580 Ouden-

742 3600 962 3674 dorpius
988 3603 1147 3674 igitur
1172 3623 1235 3657 ex
1264 3603 1419 3657 codd.
1452 3607 1758 3677 Bongarsia·

743 3681 855 3745 nis,
881 3681 1252 3749 Leidensibus,
1279 3685 1544 3737 Vossianis
1560 3698 1613 3738 et
1635 3685 1757 3740 edd.

744 3762 897 3813 Rom.
910 3761 1125 3816 Mediol.
1143 3764 1332 3817 Venet.
1345 3777 1401 3816 et
1413 3765 1527 3817 aliis
1544 3765 1757 3820 criticis.

744 3841 820 3892 Et
839 3854 981 3911 parte
1017 3843 1222 3913 quadam
1250 3865 1310 3895 ex
1338 3844 1503 3897 Rheno
1544 3859 1755 3917 recepta,

742 3938 849 3990 quoe
863 3922 1134 3992 appellatur
1148 3923 1379 3987 Vahalis,
1396 3926 1598 3977 insulam
1615 3926 1765 3996 efficit

743 3998 1065 4062 Batavorum,
1101 4007 1151 4054 a'n
1186 3997 1428 4056 Oceanm'n
1458 4006 1642 4076 irfluit,
1636 4027 1648 4038 ·
1676 4025 1758 4058 ne-

746 4097 834 4147 que
857 4079 1044 4148 longius
1069 4081 1130 4132 ab
1166 4082 1360 4136 Oceano
1391 4085 1595 4136 millibus
1624 4105 1756 4156 pass.

748 4173 883 4208 Lxxx
898 4163 945 4209 in
958 4159 1171 4213 Rhenum
1184 4165 1353 4232 ιἰςῙΙιιίτ.
1368 4164 1540 4228 Quam
1552 4167 1800 4217 turbata

749 4233 837 4300 sit,
860 4247 911 4288 et
935 4238 1195 4292 obscura
1182 4254 1277 4294 ista
1296 4242 1452 4295 lectio
1472 4244 1765 4314 intelligens

1843 1391 2046 1445 videbit
2053 1393 2237 1446 lector.
2252 1389 2387 1446 Cod.
2401 1404 2581 1446 noster
2589 1386 2656 1445 R!
2677 1392 2850 1463 5763·
2838 1435 2851 1445 .

1843 1472 2031 1526 vitiose
2058 1470 2344 1525 admodum
2365 1488 2379 1524 ε
2401 1472 2478 1523 Et
2487 1484 2632 1541 parte
2654 1472 2854 1544 quadan·

1843 1572 1904 1603 ex
1932 1552 2066 1604 Reno
2095 1564 2295 1622 recepta,
2324 1571 2431 1623 quoe
2459 1551 2729 1621 appellatur
2750 1551 2809 1604 V
2799 1572 2855 1602 a·

1844 1631 1993 1683 catus.
2016 1630 2182 1683 Insula
2204 1651 2312 1701 qaoe
2327 1628 2480 1699 efficit
2498 1630 2555 1683 V
2548 1643 2788 1683 atavorum
2806 1635 2855 1682 ὑι

1850 1710 2094 1762 Oceanum
2141 1710 2313 1780 itfiuie.
2358 1710 2526 1782 Neque
2570 1710 2756 1780 longius
2794 1708 2855 1761 ab

1850 1789 2046 1841 Oceano
2075 1789 2279 1841 millibus
2288 1808 2516 1860 passum
2536 1808 2672 1842 xxxx
2688 1794 2738 1841 in
2762 1790 2854 1841 Ro-

1846 1886 1956 1918 num
1994 1873 2180 1920 transit.
2214 1868 2427 1921 Rectius
2455 1867 2621 1923 codex
2661 1868 2807 1939 5764
2837 1886 2852 1920 ε

1845 1944 1949 1998 Sed
1977 1944 2117 1999 idem
2145 1947 2304 2000 habet
2331 1947 2586 2019 scriptum
2613 1967 2628 2001 :
2654 1960 2703 1998 et
2714 1960 2858 2018 parte

1845 2026 2052 2097 quadam
2076 2047 2136 2077 ex
2164 2028 2298 2079 Reno
2325 2039 2532 2098 recepta,
2559 2047 2669 2099 quoe
2693 2028 2856 2098 appel-

1847 2105 1979 2157 latur
1999 2106 2241 2169 Vacalus,
2266 2107 2510 2179 ittsulaque
2535 2105 2685 2176 efficit
2708 2106 2860 2158 Bata-

1850 2205 2032 2247 vorum,
2069 2198 2168 2238 etc.
2211 2186 2426 2237 Vacalus
2461 2197 2634 2238 autem
2669 2186 2860 2256 legitur

1845 2263 1988 2336 apud
2000 2278 2181 2318 omnes
2193 2263 2349 2317 codd.
2373 2284 2482 2317 non
2497 2265 2721 2317 Vahalis.
2736 2264 2858 2317 Hoc

1844 2361 1947 2397 vox
1985 2357 2063 2397 est
2091 2343 2386 2397 emendatio
2413 2344 2767 2396 recentiorum
2809 2356 2858 2397 et

1843 2442 1876 2475 e
1900 2424 2085 2476 Tacito
2102 2422 2444 2495 deprompta,
2465 2425 2500 2476 1.
2524 2424 2608 2487 H,
2633 2423 2859 2476 nist.—

1844 2503 2058 2554 Insulam
2082 2501 2233 2572 efficit
2243 2503 2549 2555 Batavorum.
2564 2500 2861 2556 Hodiehaec

1841 2583 2011 2635 insula
2027 2580 2223 2636 dicitur
2238 2584 2409 2645 Betau,
2427 2596 2479 2636 et
2494 2583 2862 2654 complectitur

1843 2660 2111 2714 Gueldriae
2136 2681 2374 2733 mag-nam
2387 2675 2592 2734 partem
2620 2675 2675 2715 et
2701 2662 2861 2715 meri-

1843 2739 2014 2794 diana
2038 2740 2347 2794 Hollandiae.
2371 2774 2453 2784 —-
2476 2742 2695 2794 Millihm
2724 2760 2857 2794 uxx

1837 2839 2082 2891 passum.-
2095 2820 2218 2872 Haec
2238 2820 2482 2874 distantia
2496 2821 2675 2873 multis
2696 2821 2858 2873 nimia

1843 2898 2055 2952 videtur
2079 2919 2092 2952 ε
2117 2913 2169 2952 at
2186 2900 2511 2971 temporibus
2523 2901 2749 2953 caesaris
2767 2919 2859 2972 po·

1844 2979 1946 3031 tuit
1977 2979 2093 3031 talis
2115 2978 2312 3045 videri,
2335 2992 2395 3031 ut
2418 2991 2471 3032 et
2494 2977 2656 3032 hodie
2681 2979 2856 3033 minor

1842 3070 2061 3130 propter
2081 3057 2456 3112 exundationes
2480 3058 2639 3111 maris
2669 3059 2725 3110 in
2753 3071 2857 3112 ter·

1843 3155 1927 3189 ras
1952 3139 2360 3209 prorumpentis.

1926 3218 1979 3268 5.
2011 3217 2343 3270 Nantuatium.
2381 3217 2450 3269 Et
2489 3235 2548 3269 ea
2587 3229 2663 3269 est
2698 3217 2854 3270 lectio

1843 3293 1998 3349 codd.
2025 3309 2079 3348 et
2111 3294 2233 3349 edd.
2256 3297 2379 3349 libr.
2399 3315 2521 3349 cum
2544 3296 2647 3348 levi
2681 3307 2855 3347 tamen

1842 3375 2108 3428 varietate.
2125 3375 2379 3428 Oberlino
2394 3376 2588 3447 placuit
2599 3392 2855 3445 reponere

1843 3452 2160 3506 Sat-anetium.
2193 3456 2365 3508 Caesar
2405 3453 2472 3507 de
2505 3453 2856 3507 Nantuatibus

1839 3533 2426 3602 jamlocutusest,l.111‚
2447 3553 2495 3586 1.
2507 3532 2855 3586 Sedeosable·

1844 3624 1929 3681 gat
1954 3611 2009 3663 in
2040 3630 2154 3664 eam
2181 3626 2385 3683 partem
2427 3631 2545 3684 quae
2586 3611 2781 3665 dicitur
2811 3612 2856 3662 le

1847 3691 1906 3741 V
1899 3691 2037 3753 alais,
2051 3690 2117 3743 ad
2129 3693 2301 3746 lacum
2309 3694 2656 3745 Lemannum.
2670 3691 2857 3744 Strabo

1844 3782 2027 3823 contra
2043 3791 2097 3843 p.
2125 3778 2262 3841 294,
2283 3773 2355 3825 sic
2374 3771 2446 3824 ait
2465 3790 2478 3825 :
2492 3775 2641 3841 primi
2654 3773 2856 3823 ommim·

1844 3849 1915 3901 ad
1927 3850 2142 3904 Rhenum
2167 3851 2381 3902 habitare
2402 3852 2623 3904 dchuntm·
2637 3851 2859 3905 Nama-

1847 3940 1936 3991 τω,
1962 3931 2095 4000 apud
2114 3950 2230 4003 quos
2265 3936 2407 3984 etiam
2429 3934 2528 4000 ejus
2538 3932 2684 4002 fluvii
2693 3930 2858 3996 sont&

1844 4021 1958 4060 sunt
1977 4014 2028 4063 in
2050 4010 2221 4063 Adula
2239 4022 2405 4063 monte.
2427 4009 2650 4064 Cuinam
2670 4026 2857 4061 eorum

1846 4086 2008 4142 fidem
2036 4088 2441 4143 adhibebimus?
2462 4090 2659 4142 Forsan
2681 4100 2855 4158 uterq.

1849 4182 1990 4221 recte
2034 4167 2199 4224 dixit·
2226 4169 2309 4221 vel
2339 4167 2448 4222 duo
2481 4168 2668 4240 populi
2707 4179 2862 4219 erant

1851 4247 1952 4302 sub
1989 4247 2175 4303 eodem
2203 4249 2419 4303 nomine
2441 4248 2585 4316 noti,
2608 4246 2693 4302 vel
2720 4263 2862 4300 unm
2907 4309 2914 4322 ἱ
