3111 5147
590 524 733 593 DE
785 523 1132 595 BELLO
1184 525 1681 594 GALLICO.
1738 528 1927 597 LIB.
1981 530 2035 595 I.
2275 528 2375 627 39

232 667 466 722 tenere
508 654 804 742 Edam,
835 652 1103 724 alterius
1129 644 1524 727 Arvernos(
1550 660 1640 729 Hi
1673 683 1878 752 quum
1918 673 2261 756 tantopere
2295 661 2380 733 de

232 746 653 852 potentatu⁵
690 763 864 831 inter
916 786 987 829 se
1042 760 1285 831 multos
1336 787 1544 832 annos
1587 764 2094 854 contenderent,
2131 767 2378 837 factum

235 890 418 955 esse,
456 868 567 934 uti
625 866 712 935 ab
765 869 1079 936 Arvernis
1139 870 1586 963 Semianisque
1647 873 1963 941 Germani
2019 860 2381 942 mercede⁶

240 986 761 1041 arcesserentur.
818 976 1075 1042 Horum
1118 976 1334 1068 primo
1374 978 1636 1045 circiter
1674 974 1878 1047 millia
1905 981 2038 1049 XV
2071 980 2382 1051 Rhenum

245 1079 567 1148 uansisse
604 1104 622 1145 ε
660 1092 1091 1174 posteaquam
1130 1105 1326 1174 agros
1365 1095 1434 1149 et
1473 1080 1726 1153 cultum
1764 1097 1832 1152 et
1872 1084 2136 1178 copias⁷
2167 1084 2388 1155 Gallo·

250 1208 395 1252 rum
464 1184 779 1255 hounues
836 1185 956 1255 feri
1028 1210 1108 1257 ac
1187 1187 1449 1257 barbari
1527 1188 1944 1259 adamassem
1977 1243 1997 1277 ‚
2042 1191 2382 1262 traductos

256 1288 474 1384 plures
510 1317 525 1358 :
570 1312 753 1361 nunc
796 1316 935 1361 esse
977 1294 1046 1361 iu
1068 1290 1282 1364 Gallia
1324 1293 1408 1362 ad
1450 1296 1508 1364 C
1548 1309 1618 1363 et
1659 1298 1793 1364 XX
1834 1294 2110 1365 millium
2152 1322 2382 1367 nume-

258 1420 448 1465 rum:
486 1422 645 1466 cum
699 1399 802 1468 his
855 1398 1102 1469 AEduos
1121 1453 1141 1485 ‚
1182 1424 1542 1494 eorumque
1597 1398 1864 1470 clientes
1891 1389 1916 1425 ⁸
1954 1401 2152 1472 semel
2187 1419 2385 1499 atque

260 1502 494 1573 iterum
550 1506 755 1573 armis
812 1504 1276 1593 contendisse3
1310 1530 1620 1600 magnam
1679 1505 2114 1577 calamitatem
2159 1508 2384 1604 pulsos

263 1612 587 1703 accepisse
605 1662 631 1697 ,
658 1634 929 1679 omnem
966 1611 1375 1683 nobilitatem
1393 1666 1414 1701 ‚
1450 1636 1716 1683 omnem
1757 1628 2056 1681 senatum
2071 1667 2091 1702 ‚
2118 1639 2389 1683 omnem

265 1717 623 1806 equitatum
656 1719 966 1787 amisisse.
1007 1719 1268 1807 Quibus
1306 1717 1544 1813 praeliis
1580 1717 2185 1813 calamitatibusque
2213 1720 2384 1790 frac-

271 1833 419 1907 tos,
452 1823 563 1913 qui
603 1837 665 1891 et
713 1840 833 1893 sua
880 1825 1125 1895 virtute
1159 1840 1228 1896 et
1265 1824 1493 1920 populi
1538 1827 1795 1895 romani
1836 1824 2163 1919 hospitio⁹
2189 1840 2387 1920 atque

273 1925 561 1997 amicitia
582 1927 941 2021 plurimum
980 1945 1134 2000 ante
1168 1933 1237 2000 in
1266 1931 1479 2002 Gallia
1514 1933 1914 2027 potuissent,
1945 1945 2208 2001 coactos
2244 1956 2387 2001 esse

277 2032 589 2124 Sequanis
627 2034 884 2106 obsides
940 2035 1097 2107 dare
1151 2037 1589 2108 nobilissimos
1646 2040 1928 2107 civitatis
1954 2090 1974 2124 ‚
2022 2052 2089 2106 et
2136 2038 2396 2131 jureju·-

277 2137 484 2206 raudo
520 2141 848 2209 civitatem
890 2142 1299 2238 obstringere
1318 2197 1340 2232 ‚
1366 2166 1505 2214 sese
1547 2169 1759 2237 neque
1783 2143 2042 2213 obsides
2077 2146 2391 2238 repetitu*

276 2268 423 2333 ros,
454 2269 662 2340 neque
704 2246 1019 2317 amilium
1056 2274 1098 2317 a
1133 2249 1382 2344 populo
1429 2275 1705 2320 romano
1745 2247 2241 2343 imploraturos,
2273 2274 2392 2318 ne-

272 2375 397 2443 que
436 2368 851 2425 recusaturos
871 2404 893 2442 ‚
928 2381 1060 2448 quo
1101 2358 1318 2425 minus
1351 2369 1671 2451 perpetuo
1697 2355 1822 2424 sub
1853 2353 2116 2422 illorum
2142 2353 2394 2424 ditione

270 2539 470 2580 nestum
483 2527 583 2581 fuit
595 2529 928 2595 vocabulum,
943 2543 1153 2584 auctore
1168 2531 1210 2584 F
1211 2549 1286 2584 es·
1371 2532 1519 2602 cujus
1548 2529 1941 2601 significationis
1961 2548 2079 2582 rara
2102 2541 2225 2582 sunt
2252 2526 2394 2602 apud

272 2617 349 2658 to:
374 2607 589 2661 tandem
611 2627 715 2680 pro
737 2605 981 2663 seditiosa
1004 2611 1201 2663 civium
1230 2611 1287 2662 in
1373 2610 1651 2663 historicos
1707 2611 1959 2682 exempla.
2011 2608 2153 2662 Vide
2215 2621 2393 2662 tamen

272 2684 396 2741 dm
420 2701 601 2760 panes
622 2687 884 2742 ‹Ev‘none
908 2703 1178 2761 acceptum
1203 2708 1287 2743 re·
1377 2687 1622 2742 eundem
1654 2689 1816 2754 Cas„
1841 2690 1878 2743 1.
1909 2705 1998 2755 π,
2020 2706 2068 2741 c.
2104 2695 2159 2752 4.
2189 2689 2394 2756 Tacit..

272 2767 486 2837 peritur.
1380 2769 1714 2834 Hist.1,.68
1744 2769 1885 2822 Flor.
1909 2768 1947 2821 l.
1964 2787 2052 2834 xv,
2077 2788 2105 2821 a
2125 2767 2253 2838 ‚39.
2270 2768 2394 2822 Val.

352 2854 402 2911 4.
421 2847 690 2900 Arvernos.
706 2847 1093 2914 ProArvernis,
1108 2847 1298 2920 Sequa-
1379 2849 1554 2914 Max„
1576 2849 1612 2901 l.
1646 2866 1733 2914 Π,
1755 2845 1819 2913 3,
1853 2843 1902 2908 S.
1937 2845 2003 2913 3,
2029 2860 2126 2901 etc.

274 2927 577 2997 nosposuit,
591 2926 716 2992 1³1,
733 2926 800 2980 de
813 2925 942 2980 Bell.
952 2927 1091 2981 Gan.
1105 2966 1122 2993 ‚
1136 2946 1181 2980 c.
1204 2946 1227 2980 1
1245 2947 1292 2980 1.
1463 2929 1516 2980 8.
1542 2925 1765 2979 Ch'entes.
1781 2927 1960 2990 Quum
1983 2886 2136 2979 inulti
2156 2927 2404 2980 homines

275 3003 375 3058 Sed
402 3025 574 3078 quum
604 3007 815 3078 utrique
845 3005 1072 3078 junctim
1098 3007 1298 3079 princi-
1380 3007 1439 3060 in
1465 3006 1638 3060 Gallia
1670 3005 1884 3058 clientes
1921 3005 2079 3059 unius
2118 3004 2404 3071 dicuntur,

278 3098 455 3155 patum
478 3086 751 3138 tenuerint
771 3081 927 3148 (nam
949 3086 1174 3158 Sequani
1198 3088 1298 3139 Ar·
1384 3098 1505 3139 sunt
1520 3082 1688 3138 iidem
1703 3085 1795 3157 qui
1815 3085 1916 3136 alio
1939 3084 2153 3137 nomine
2177 3086 2403 3138 ambacti

278 3182 564 3219 vernorum
597 3166 725 3218 socii
753 3163 934 3230 erant)
958 3178 1018 3218 ut
1037 3165 1213 3219 statim
1236 3184 1299 3218 ex
1384 3178 1437 3219 et
1450 3163 1670 3218 soldurii
1689 3163 2027 3236 appellantur.
2045 3161 2172 3217 vid.
2186 3182 2244 3215 v1
2258 3201 2275 3230 ‚
2302 3183 2324 3216 1
2338 3164 2368 3216 5
2385 3201 2408 3230 ,

282 3243 391 3315 ipso
420 3246 633 3298 Caesare
671 3244 846 3316 colligi
888 3258 1091 3317 potest,
1117 3256 1169 3297 et
1207 3245 1299 3297 Se-

283 3325 438 3394 quani
456 3322 737 3396 jamvalde
757 3326 910 3380 fracti
931 3325 1301 3390 abAriovisto‚

284 3416 332 3454 et
372 3423 545 3475 prope
589 3404 799 3457 civitate
834 3406 1066 3458 minores
1101 3415 1302 3468 essent,

283 3482 732 3536 Casas-Arvernos
753 3484 807 3536 h.
833 3483 869 3536 1.
892 3486 1027 3537 solos
1047 3484 1304 3550 nominat,

286 3574 341 3615 ut
359 3582 388 3616 a
410 3563 597 3633 Lipsio
616 3564 949 3616 obem-vatum
972 3576 1065 3617 est.
1096 3565 1304 3618 nnn.

365 3645 415 3698 5.
458 3644 542 3695 De
575 3653 843 3713 potentum.
875 3643 997 3696 Vox
1026 3645 1185 3715 paulo
1220 3661 1305 3695 ra-

286 3721 426 3788 rior,
455 3739 619 3793 qnam
653 3732 826 3775 tamen
856 3739 966 3775 nou
1001 3724 1310 3794 refugerunt

286 3801 839 3873 scriptores-..Tite·Liv.
863 3803 1116 3868 xu1‚38.
1130 3803 1311 3857 AEmu·

288 3881 334 3932 lo
350 3893 647 3952 patmum.
663 3882 808 3935 het.
830 3882 1009 3935 Divin.
1038 3883 1201 3935 instit.
1222 3895 1308 3947 vt,

296 3978 383 4030 17·
409 3963 635 4014 Honores
657 3973 991 4031 etpotentams
1012 3973 1061 4014 ee
1075 3980 1236 4031 mgna.

370 4043 426 4093 6.
458 4040 693 4095 Μαι-σιώ.
715 4038 825 4094 vid.
847 4041 973 4107 inf„
986 4042 1194 4107 l..v1,c
1221 4058 1309 4095 η.

368 4139 427 4190 7.
465 4119 658 4190 θυμία.
690 4120 807 4174 Hoc
834 4121 989 4185 loeo,
1019 4124 1168 4191 oopioe
1203 4137 1313 4174 non

290 4216 391 4269 pro
422 4199 701 4254 homiuum
720 4157 1086 4265 multitudine,
1100 4197 1191 4254 sed
1214 4218 1314 4271 pro

297 4277 616 4334 abundantia
647 4293 703 4335 et
728 4281 919 4352 opibus
956 4279 1315 4353 accipiuntur,

1393 3261 1483 3313 19,
1509 3257 1563 3297 et
1580 3244 1702 3297 alibi
1727 3243 1936 3315 passim.
1960 3240 2062 3296 Sed
2083 3261 2250 3313 quum
2275 3242 2406 3295 inte-

1385 3343 1492 3396 με
1514 3336 1694 3395 gentes
1724 3321 1973 3376 dicuntur
2003 3323 2214 3375 alterius
2243 3322 2417 3375 olien-

1387 3417 1494 3469 tes,
1522 3400 1848 3474 intelligendi
1887 3415 2009 3456 sunt
2046 3402 2204 3468 socii,
2232 3414 2286 3454 et
2314 3401 2407 3473 qui

1389 3485 1486 3536 sub
1518 3484 1730 3536 alterius
1760 3482 1928 3553 gentis
1956 3481 2180 3553 imperio
2208 3481 2294 3533 vel
2323 3494 2408 3533 tu·

1389 3564 1490 3617 tela
1520 3576 1676 3627 suut,
1697 3562 1780 3616 vel
1819 3562 1911 3632 qui
1951 3561 2007 3613 in
2038 3563 2149 3632 ejus
2173 3557 2408 3622 fide‚vel

1390 3643 1482 3714 qui
1518 3641 1588 3696 ad
1614 3642 1896 3696 amicitiam
1922 3643 2033 3712 ejus
2075 3659 2129 3692 se
2166 3657 2410 3708 aggrega-

1391 3733 1538 3775 runt.
1572 3722 1770 3776 Confer
1792 3722 1847 3774 h.
1879 3721 1916 3774 l.
1949 3738 2071 3773 cum
2102 3716 2288 3770 eodem
2313 3717 2412 3771 lib.

1392 3820 1483 3868 vr,
1510 3820 1599 3856 ιιι.
1632 3801 1839 3854 Onus.

1476 3899 1528 3948 9.
1552 3881 1794 3950 Hospitio.
1822 3879 1944 3931 scil.
1967 3875 2199 3948 publico.
2231 3874 2415 3928 Publi-

1395 3978 1517 4013 eum
1528 3959 1817 4029 hospitium
1829 3956 2134 4010 distinctum
2149 3973 2178 4007 a
2189 3955 2420 4026 privato,

1398 4058 1427 4092 a
1465 4055 1572 4110 quo
1603 4049 1776 4091 tamen
1808 4036 1976 4090 fluxit.
2008 4034 2199 4106 Populi
2232 4034 2418 4106 hospi·

1398 4118 1475 4171 tio
1515 4117 1732 4190 publico
1772 4114 1956 4170 donati
1990 4114 2172 4186 legatis
2213 4114 2422 4185 prabe-

1397 4199 1594 4253 bsntur
1610 4197 1755 4251 locus
1776 4208 1829 4253 et
1853 4197 2021 4249 lautia.
2039 4195 2217 4247 Lamia
2244 4205 2422 4247 auten

1400 4279 1641 4350 epularum
1678 4275 2042 4349 magnficemia.
2073 4274 2117 4329 F
2117 4286 2210 4329 est.
2234 4274 2290 4328 h.
2316 4293 2369 4328 v.
