3111 5147
1115 581 1239 648 ET
1291 581 1671 651 GALLIS.
2264 590 2415 674 433

287 722 358 779 et
397 707 646 803 lapides
685 709 957 805 pretiosi
996 727 1074 780 ut
1119 712 1525 807 amethystus
1544 767 1565 801 ,
1623 714 1962 785 corallium
1990 769 2010 806 ,
2058 716 2377 791 electrum
2398 778 2419 812 ,

289 831 666 911 unguenta,
727 817 1010 886 nardum
1035 870 1055 907 ,
1101 832 1171 887 et
1214 817 1505 909 colores,
1549 846 1843 916 purpura
1869 876 1889 910 ,
1934 837 2187 893 ostrum
2216 879 2236 914 ,
2292 841 2416 898 etc.

289 921 490 992 Unde
529 924 824 1018 Josepho
856 923 1036 995 Galli
1067 924 1235 995 dites
1279 926 1637 996 dicuntur:
1668 931 1831 1023 quin
1874 944 1942 998 et
1982 934 2420 1023 numismata,

285 1043 442 1100 ante
483 1028 845 1101 adventum
879 1033 1338 1101 Romanorum
1370 1057 1527 1103 cusa
1544 1087 1565 1121 ,
1596 1049 1664 1104 et
1698 1037 2135 1107 instrumenta
2169 1038 2423 1110 Gallica

289 1134 678 1206 nonnullam
724 1140 803 1206 in·
833 1153 977 1208 arte
1016 1137 1339 1208 metallica
1375 1142 1678 1234 peritiam
1723 1158 2027 1238 arguunt.
2067 1147 2216 1214 Lini
2257 1148 2422 1217 satio
2484 1138 2495 1143 ⁴

292 1245 360 1313 in
429 1245 684 1338 magnis
746 1245 1176 1339 proventibus
1231 1243 1502 1316 Gallicae
1563 1261 1754 1319 terrae
1810 1264 1994 1338 erat3
2035 1264 2102 1319 et
2156 1253 2422 1346 quidem

291 1350 573 1444 optimas
625 1348 788 1419 telas
843 1351 1149 1421 cadurca
1201 1351 1410 1421 dictas
1451 1376 1534 1420 ex
1581 1378 1661 1423 eo
1705 1353 1881 1424 Galli
1932 1358 2422 1450 operabantur,

290 1471 360 1524 et
398 1456 629 1524 Romae
682 1456 948 1552 quidem
1000 1459 1069 1526 in
1113 1457 1369 1527 honore
1411 1458 1707 1560 habitas,
1747 1475 1824 1529 ut
1878 1476 2061 1557 patet
2094 1487 2177 1531 ex
2215 1468 2253 1533 J
2256 1490 2423 1535 uve-

286 1561 418 1634 nali
438 1616 458 1651 ‚
501 1574 618 1630 sat.
664 1587 738 1632 vl
757 1616 776 1651 ,
821 1560 969 1634 536
1000 1589 1014 1632 :
1054 1563 1336 1634 debetur
1372 1567 1637 1635 violato
1670 1590 1899 1661 poena
1950 1568 2266 1639 cadurco.
2318 1573 2423 1641 De

286 1665 679 1740 animalibus
721 1684 942 1738 autem
996 1670 1137 1740 haec
1157 1724 1177 1759 ,
1226 1669 1470 1758 lector,
1510 1674 1755 1767 accipe.
1807 1674 2161 1745 Habebant
2218 1701 2419 1772 equas

291 1777 468 1846 fama
493 1775 870 1848 nobilitatas
891 1769 1304 1866 (Trebellius
1325 1779 1395 1846 in
1414 1776 1646 1847 Claud.
1675 1770 1797 1867 11.)
1822 1806 1836 1847 :
1881 1804 2121 1851 canum
2154 1797 2420 1877 gentem

290 1907 711 1955 numerosam
742 1881 1015 1954 laudant
1040 1883 1350 1972 Ovidius,
1380 1885 1760 1979 OppianuS,
1782 1900 1848 1955 et
1879 1888 2149 1957 Gratius
2181 1904 2424 1982 poetae3

292 2015 441 2061 sues
483 1992 725 2061 robore
745 2043 765 2078 ,
815 1989 1156 2059 altitudine
1211 2004 1279 2059 et
1330 1988 1662 2061 celeritate
1708 2006 2092 2087 praestantes
2145 1995 2424 2086 Strab03

291 2096 594 2192 gallinas,
613 2121 908 2184 anseres,
931 2095 1217 2191 lepores,
1241 2094 1349 2165 alii
1370 2098 1733 2167 nominant.
1760 2100 1866 2167 De
1886 2099 2235 2192 pecoribus
2261 2102 2425 2171 nihil

291 2219 662 2274 memoratu
690 2203 964 2298 dignum
993 2204 1291 2297 reperio:
1335 2205 1714 2272 communia
1739 2202 1828 2272 ibi
1857 2203 2056 2274 fuisse
2085 2205 2425 2298 videntur,

290 2309 676 2406 multiplicia
743 2322 921 2379 certe
991 2323 1268 2406 propter
1340 2312 1718 2405 pecuariam
1790 2323 1859 2378 et
1913 2310 2139 2406 pabuli
2205 2312 2422 2382 abun-

291 2416 624 2506 dantiam,
661 2416 777 2487 sed
821 2417 1010 2512 parvi
1057 2416 1252 2511 pretii
1296 2441 1310 2482 ε
1355 2440 1510 2485 nam
1547 2415 1746 2511 longa
1795 2416 2093 2511 quidem,
2131 2418 2244 2487 sed
2302 2444 2423 2488 ru·

288 2522 390 2594 dis
428 2525 653 2595 ovium
698 2522 848 2593 lana
889 2549 906 2593 ε
944 2522 1370 2593 nihilominus
1412 2546 1493 2592 ex
1543 2547 1622 2593 ea
1658 2546 1831 2618 sagae
1878 2525 1947 2592 in
1983 2521 2245 2594 Italiam
2291 2527 2422 2596 im-

289 2631 633 2726 portandae
647 2630 1212 2718 conficiebantur,
1238 2632 1306 2700 in
1325 2630 1608 2700 officinis
1623 2628 1779 2699 hinc
1818 2643 1887 2700 et
1926 2630 2080 2701 inde
2099 2632 2278 2728 apud
2312 2634 2421 2702 in·

287 2761 604 2807 numeros
639 2738 924 2831 regionis
960 2735 1242 2832 populos
1277 2736 1586 2831 dispersis
1623 2750 1820 2830 atque
1860 2738 2192 2809 institutis.
2231 2737 2425 2810 Silvoe

289 2868 489 2914 omne
532 2842 847 2912 arborum
896 2867 1103 2937 genus
1161 2842 1459 2911 ferebant
1478 2895 1499 2931 ,
1541 2856 1611 2909 at
1645 2846 2008 2935 praesertim
2062 2869 2381 2938 quercum
2402 2899 2422 2934 ,

289 2952 570 3020 abietem
590 3003 609 3038 ,
664 2947 957 3019 betulam
975 3002 994 3035 ,
1049 2946 1392 3043 platanum
1416 3000 1436 3034 ,
1482 2962 1711 3016 taxum
1761 2946 2131 3018 lethiferam
2156 3003 2176 3037 ,
2225 2965 2423 3045 atque

290 3060 490 3128 etiam
535 3059 794 3126 citrum.
850 3053 1150 3124 Flumina
1203 3051 1435 3124 Galliae
1457 3052 1735 3146 ‚majore
1778 3055 1846 3120 in
1890 3078 2171 3123 numero
2220 3081 2420 3150 quam

289 3163 531 3236 alicubi
558 3178 883 3233 terrarum
896 3215 916 3249 ,
937 3158 1330 3255 multiplices
1351 3175 1421 3229 et
1439 3158 1875 3229 multiformes
1894 3157 2160 3229 alebant
2176 3164 2386 3256 pisces
2398 3215 2417 3248 ,

292 3269 655 3341 salmonem
700 3265 1082 3339 fluviatilem
1102 3321 1122 3356 ,
1179 3267 1480 3362 clupeam
1533 3268 1605 3334 in
1658 3267 1855 3334 Arari
1912 3291 2027 3336 seu
2082 3265 2364 3362 clopiam
2399 3323 2419 3357 ,

293 3376 709 3474 scolopacem
732 3430 752 3465 ,
804 3390 873 3446 et
905 3398 1099 3445 ranas
1150 3397 1313 3469 quas
1363 3371 1590 3441 laudat
1638 3371 1800 3441 Plin.
1851 3398 1930 3442 ex
1973 3375 2294 3443 Varrone.
2337 3376 2419 3444 In

294 3486 566 3553 Oceano
604 3484 944 3579 physeter,
977 3483 1135 3576 quin
1165 3495 1234 3549 et
1269 3478 1632 3574 elephanti,
1679 3493 1745 3547 et
1788 3481 2020 3550 arietes
2068 3482 2304 3550 marini
2331 3482 2417 3550 ab

291 3590 526 3659 eodem
568 3588 780 3658 Plinio
818 3601 1288 3658 memorantur.

370 3699 473 3766 Ex
495 3696 597 3765 his
628 3696 959 3783 omnibus,
982 3719 1128 3788 quae
1141 3694 1423 3787 petimus
1435 3692 1520 3760 ab
1539 3692 1924 3762 auctoribus
1951 3691 2083 3761 fide
2109 3692 2417 3786 dignissi-

293 3804 449 3892 mis,
467 3801 776 3897 colligere
795 3801 946 3870 licet
965 3855 984 3888 ,
1013 3798 1320 3887 Galliam,
1341 3796 1446 3867 vel
1479 3798 1887 3893 temporibus
1913 3801 2222 3884 Caesaris,
2252 3798 2415 3868 divi·

293 3923 454 3996 tem,
481 3907 784 3991 fertilem,
813 3910 1073 3994 mitem,
1091 3919 1157 3974 et
1175 3904 1486 3974 omnibus
1505 3930 1653 3999 quae
1685 3906 1966 3975 attinent
1990 3904 2074 3975 ad
2095 3907 2245 3973 vitae
2268 3902 2417 3973 cul-

291 4032 437 4085 tum
458 4014 638 4084 haud
648 4015 930 4084 multum
943 4014 1161 4082 minus
1172 4010 1641 4098 abundantem,
1658 4035 1857 4106 quam
1873 4024 2100 4082 nostra
2125 4025 2339 4098 aetate3
2354 4027 2422 4080 et

296 4125 589 4218 emporia
633 4120 1010 4208 Cabillone,
1043 4119 1360 4206 Genabo,
1401 4117 1805 4188 Novioduno
1845 4118 2236 4205 constituta,
2272 4134 2339 4188 et
2383 4142 2424 4186 a

297 4230 961 4316 Caesare-memorata,
973 4249 1113 4295 rem
1131 4225 1523 4295 firmissimis
1547 4225 1987 4319 comprobant
1999 4227 2423 4322 argumentis·

296 4337 333 4401 J
338 4359 583 4406 avenes
600 4334 953 4431 aliquando
972 4334 1220 4428 opinati
1239 4330 1396 4403 falsa
1411 4385 1431 4420 ‚
1446 4332 1707 4403 sibimet
1724 4332 1986 4507 fingugt
2003 4330 2077 4462 sil
2086 4334 2208 4422 vis,
2237 4330 2422 4427 palu·

1922 4491 1931 4504 .
1982 4461 2005 4506 1
