3111 5147
497 552 637 621 DE
689 554 1036 624 BELLO
1081 555 1573 625 GALLICO.
1621 557 1810 625 LIB.
1864 558 2044 626 vll.
2229 551 2377 652 295
2428 646 2435 651 ν

253 683 580 778 Bituriges
618 711 849 756 eorum
888 688 1177 759 discessu
1208 690 1427 757 statim
1461 713 1528 758 se
1562 713 1714 758 cum
1754 692 2069 759 Arvernis
2102 690 2378 784 conjun-

252 775 484 884 gunt⁸.·
2428 791 2441 803 ⁸

363 898 482 965 VI.
511 899 630 967 His
672 899 869 969 rebus
912 903 979 969 in
1017 899 1276 970 Italiam
1325 902 1571 970 Caesari
1613 904 1936 971 nunciatis
1957 955 1976 989 ,
2016 927 2218 996 quum
2239 901 2377 994 jam

255 999 363 1071 ille
391 1003 680 1074 urbanas
704 1010 1059 1077 resvirtute
1087 1010 1210 1077 Cn.
1240 1008 1531 1103 Pompeii
1554 1006 1571 1032 ¹
1604 1000 2121 1078 commodiorem
2153 1009 2219 1076 in
2249 1021 2377 1075 sta-

257 1122 397 1177 tum
433 1115 808 1205 pervenisse
840 1112 1229 1210 intelligeret
1254 1168 1273 1203 ,
1296 1115 1364 1183 in
1385 1113 1885 1210 Transalpinam
1913 1112 2193 1184 Galliam
2225 1137 2376 1208 pro-

256 1212 470 1286 fectus
508 1232 624 1287 est.
673 1220 775 1289 Eo
813 1245 1019 1315 quum
1051 1222 1375 1310 venisset,
1421 1245 1662 1315 magna
1710 1219 2099 1290 difficultate
2135 1219 2377 1289 afficie-

255 1321 497 1411 batur,
538 1348 669 1419 qua
719 1328 970 1396 ratione
1014 1326 1098 1396 ad
1137 1329 1497 1396 exercitum
1546 1328 1890 1422 pervenire
1928 1341 2188 1421 posset:
2225 1349 2382 1394 nam

260 1430 314 1498 si
353 1426 641 1524 legiones
674 1433 740 1501 in
778 1434 1190 1502 Provinciam
1225 1448 1613 1520 arcesseret,
1643 1458 1710 1503 se
1753 1430 2020 1503 absente
2053 1434 2117 1499 in
2149 1432 2379 1499 itinere

259 1535 484 1631 praelio
521 1537 942 1609 dimicaturas
980 1538 1382 1636 intelligebat
1405 1566 1425 1626 ς
1452 1541 1501 1609 si
1527 1542 1665 1633 ipse
1697 1539 1782 1607 ad
1821 1540 2180 1607 exercitum
2220 1562 2377 1604 con-

258 1642 558 1712 tenderet
575 1697 595 1732 ,
638 1669 722 1713 ne
763 1647 839 1715 iis
881 1647 1142 1741 quidem
1163 1700 1184 1735 ,
1217 1647 1330 1741 qui
1373 1670 1452 1715 eo
1491 1660 1791 1739 tempore
1826 1646 2042 1739 pacati
2080 1642 2379 1711 videren-

258 1746 426 1835 tur²,
460 1774 646 1820 suam
679 1750 954 1822 salutem
993 1768 1170 1822 recte
1204 1753 1525 1821 committi
1565 1751 1848 1819 videbat.

364 1857 518 1924 VII.
574 1859 848 1927 Interim
884 1859 1230 1927 Lucterius
1268 1857 1647 1953 Cadurcus,
1679 1857 1746 1923 in
1778 1858 2074 1924 Rutenos
2107 1854 2340 1921 missus
2360 1905 2381 1941 ,

257 1983 404 2029 eam
429 1963 760 2032 civitatem
788 1965 1099 2033 Arvernis
1126 1961 1448 2033 conciliat.
1477 1963 1869 2056 Progressus
1889 1962 1957 2029 in
1982 1958 2382 2051 Nitiobriges

259 2080 330 2134 et
370 2067 696 2157 Gabalos,
726 2069 809 2138 ab
840 2073 1134 2165 utrisque
1173 2070 1430 2138 obsides
1461 2069 1699 2163 accipit
1721 2121 1741 2156 ‚
1776 2082 1841 2136 et
1876 2090 2114 2160 magna
2154 2078 2385 2139 coacta

261 2194 468 2241 manu
486 2226 505 2258 ,
547 2175 612 2243 in
655 2177 1069 2245 Provinciam
1107 2175 1489 2246 Narbonem
1533 2197 1763 2242 versus
1778 2172 1796 2197 ¹
1838 2173 2247 2266 eruptionem
2287 2169 2382 2238 fa-

259 2301 417 2347 cere
458 2282 809 2351 contendit.
848 2283 1002 2372 Qua
1031 2308 1102 2352 re
1129 2283 1426 2351 nuntiata
1446 2335 1466 2367 ,
1490 2282 1712 2350 Caesar
1754 2277 2058 2347 omnibus
2101 2272 2383 2345 consiliis

260 2388 806 2457 antevertendum
847 2389 1238 2458 existimavit
1257 2441 1278 2477 ,
1308 2403 1385 2456 ut
1416 2386 1797 2455 Narbonem
1836 2382 2381 2479 proficisceretur.

262 2491 362 2560 Eo
380 2518 588 2588 quum
609 2496 924 2584 venisset,
951 2497 1254 2567 timentes
1273 2492 1660 2580 confirmat,
1687 2490 1982 2587 praesidia
2014 2491 2080 2557 in
2108 2488 2383 2556 Rutenis

262 2601 771 2693 provincialibus
791 2599 836 2691 ²,
863 2601 1087 2673 Volcis
1124 2601 1523 2672 Arecomicis
1535 2585 1584 2686 ³,
1616 2597 2029 2668 Tolosatibus
2047 2650 2065 2684 ,
2102 2597 2383 2663 circum-

2094 2753 2119 2788 Χ

346 2803 400 2855 8.
418 2798 596 2853 Secum
607 2800 838 2854 Arvernis
852 2807 1159 2872 conjungunt.
1171 2801 1284 2866 AL,
1367 2801 1488 2852 loco
1519 2794 1814 2850 notandum
1845 2797 1901 2848 in
1927 2814 2086 2849 aureo
2103 2792 2386 2847 illolatini-

268 2897 372 2931 cum
380 2879 610 2934 Arvernis
613 2883 899 2952 junguntur.
915 2881 1050 2934 Cum
1065 2880 1147 2933 his
1164 2899 1288 2934 con·

264 2959 425 3012 sentit
451 2959 570 3014 cod.
603 2974 780 3014 noster
812 2961 980 3032 5763.

345 3039 479 3094 Cn.
504 3041 604 3095 VI.
638 3061 685 3095 1.
714 3041 907 3094 Virtute
932 3039 1024 3092 Cn.
1049 3038 1283 3110 Pompeii.

269 3119 570 3174 Proser-tim
609 3121 666 3174 in
696 3111 927 3173 maximo
955 3119 1187 3171 tumultu
1217 3118 1287 3169 ob

271 3198 469 3253 eodem
496 3202 556 3254 P.
588 3199 766 3254 Clodii
796 3201 949 3252 facto.

355 3300 407 3334 2.
428 3281 532 3351 Qui
540 3301 595 3332 eo
613 3293 815 3351 tempore
819 3281 987 3351 pacati
997 3276 1288 3329 viderentur.

274 3357 416 3413 Fieri
431 3361 574 3413 enim
587 3371 811 3433 poterat,
820 3371 882 3412 ut
895 3357 1108 3410 inimico
1122 3367 1292 3408 essent

275 3440 330 3492 in
356 3441 616 3493 Caesarem
647 3439 855 3504 animo,
885 3456 982 3490 nec
1015 3435 1153 3488 hanc
1181 3436 1292 3506 ejus

276 3517 653 3592 intercipiendi
702 3518 1031 3572 occasionem
1075 3527 1292 3588 praeter·

275 3600 563 3653 mitterent.
589 3598 705 3651 Hoc
735 3616 847 3651 non
873 3595 1011 3650 vidit
1039 3595 1125 3648 Fr.
1158 3593 1293 3645 Hot-

274 3697 417 3731 man.
451 3679 543 3750 qui
574 3679 752 3731 locum
779 3674 960 3730 mendi
997 3687 1295 3745 suspectum

275 3757 496 3825 habuit,
515 3777 619 3830 qua
646 3755 715 3811 de
737 3776 890 3810 causa
912 3755 1226 3828 reponebat,
1241 3771 1295 3803 eo

279 3850 488 3909 tempore
512 3857 608 3889 non
635 3840 753 3889 satis
774 3838 957 3908 pacati.
995 3833 1216 3886 Temere
1245 3844 1298 3884 et

277 3912 951 3970 inconsulteDavmeodd.
962 3913 1114 3964 multi
1124 3924 1176 3964 et
1185 3930 1301 3963 nos·

282 3999 434 4051 terR.
451 3997 602 4067 5763
621 4034 637 4062 ‚
666 3998 834 4071 quieti:
860 4013 937 4066 gr.
971 4010 1178 4063 quoque
1201 3990 1297 4043 int.

280 4081 473 4150 ἠρεμεῖν
510 4071 783 4137 δοκοῦντας.
805 4075 875 4125 Et
898 4083 1039 4125 certe
1059 4070 1113 4121 h.
1140 4069 1176 4121 l.
1198 4087 1300 4121 vox

283 4161 434 4231 quieti
455 4155 642 4209 melius
669 4152 951 4208 convenire
977 4147 1216 4214 videtur,
1244 4159 1303 4200 ut

286 4256 403 4311 sup.
429 4255 477 4290 c.
517 4254 541 4289 1
560 4274 577 4301 ,
601 4238 759 4308 quieta
797 4231 983 4287 Gallia.

364 4317 496 4371 CAP.
507 4315 634 4368 VII.
653 4332 676 4367 1
691 4354 701 4366 .
713 4313 982 4368 Narbonem
997 4328 1175 4362 versus.
1188 4306 1305 4359 Hoc

1371 2879 1491 2931 tatis
1521 2895 1671 2949 purae
1700 2877 1917 2940 mulo,
1942 2892 2216 2945 nunquam
2236 2872 2388 2925 aliter

1371 2953 1477 3010 dici
1505 2956 1740 3019 licuisse,
1772 2972 1929 3025 quam
1959 2953 2252 3024 postposito
2280 2969 2389 3001 ven-

1370 3053 1478 3088 sus:
1498 3034 1803 3086 Narbonem
1832 3050 2042 3096 versus,
2071 3050 2179 3083 non
2212 3047 2389 3082 versus

1373 3115 1694 3168 Narbonem.
1740 3111 1988 3184 Sequenti
2034 3121 2183 3162 atate
2239 3108 2389 3160 aliter

1371 3195 1561 3248 visum.
1592 3192 1732 3245 Gon.
1948 3195 1953 3202 '

1458 3293 1508 3327 2.
1529 3272 1589 3325 In
1614 3273 1812 3324 Rutenis
1830 3266 2213 3341 provincialibus.
2239 3264 2393 3317 Tolle

1345 3382 1352 3388 ·
1376 3352 1770 3407 distinctionem
1786 3347 1931 3421 (quae
1959 3359 2123 3402 exstat
2140 3346 2197 3398 in
2218 3344 2395 3416 vulga·

1377 3431 1471 3497 tis)
1484 3473 1501 3499 ,
1518 3446 1578 3486 ut
1592 3444 1731 3485 recte
1748 3432 2079 3483 observatum
2093 3425 2392 3480 ciacconiu-

1378 3514 1472 3567 Gr.
1489 3531 1701 3585 quoque
1716 3510 1879 3564 habet
1893 3516 1990 3562 τῶν
2008 3497 2254 3562 ῥουτῆνων
2268 3506 2315 3556 ἐν
2332 3509 2395 3572 τῇ

1380 3593 1594 3664 ἐπαρχίᾳ
1617 3593 1872 3644 οἰκούντων
1889 3607 1905 3653 ;
1921 3599 2043 3641 sunt
2065 3586 2205 3638 enim
2225 3580 2399 3654 dupli-

1380 3692 1464 3725 ces
1494 3672 1705 3724 Ruteni.
1732 3671 1886 3721 Voss.
1910 3665 2038 3720 Vid.
2056 3663 2217 3718 indic.
2247 3679 2396 3732 geog.

1438 3757 1447 3767 “
1465 3751 1515 3803 3.
1532 3750 1698 3802 Volcis
1706 3741 2186 3800 Arecomicis.Codd.
2204 3754 2257 3795 et
2272 3753 2398 3793 vett.

1381 3829 1504 3883 libri
1538 3829 1678 3899 typis
1718 3827 1891 3878 excusi
1933 3823 2131 3876 habent
2160 3821 2400 3894 plerique

1388 3909 1552 3960 Volcis
1562 3907 1935 3970 Artomicis,seu
1944 3901 1999 3956 A
1999 3899 2402 3963 rotomicis.Quae-

1385 3986 1602 4060 quidem
1628 3984 1784 4037 lectio
1797 3985 2017 4053 interpr.
2032 3998 2182 4051 graec.
2200 3977 2400 4029 fefellit.

1386 4067 1557 4120 Habet
1586 4066 1729 4116 enirn
1761 4065 1806 4114 ἐν
1835 4055 2091 4129 τῇ(χώρᾳ)
2105 4065 2200 4110 τῶν
2226 4049 2403 4128 Apao-

1388 4153 1617 4218 μικῶν....
1641 4141 1723 4196 καὶ
1749 4148 1844 4194 τῶν
1870 4141 2089 4203 Βόλκων,
2119 4137 2268 4210 quasi
2296 4134 2404 4189 duo

1387 4224 1575 4298 populi
1592 4234 1764 4279 essent
1782 4218 2036 4273 distincti.
2054 4219 2193 4289 Lege
2212 4217 2404 4288 absque

1390 4304 1592 4376 virgula
1608 4341 1625 4371 ,
1653 4302 1818 4356 Volcis
1848 4300 2157 4355 Areccmicis.

1919 4366 2062 4474 19⁴
