3111 5147
547 562 689 630 DE
743 559 1091 630 BELLO
1144 556 1639 629 GALLICO.
1697 559 1884 629 LIB.
1940 563 1993 629 Ι.
2269 586 2352 661 17

222 692 518 764 Helvetii
560 695 813 765 ratibus
856 718 935 764 ac
978 690 1325 762 lintribus²
1351 693 1599 785 junctis
1640 694 2024 763 transibant.
2062 695 2200 764 Ubi
2243 722 2361 791 per

218 800 684 896 exploratores
719 804 946 871 Caesar
976 802 1218 869 certior
1249 798 1459 868 factus
1500 813 1635 886 est,
1671 813 1802 869 tres
1838 801 1978 892 jam
2018 805 2361 934 copiarum

220 922 449 1003 partes
509 905 848 977 Helvetios
910 905 979 974 id
1034 907 1280 975 flumen
1336 904 1739 994 traduxisse,
1783 921 2086 999 quartam
2140 895 2360 977 vero-³

228 1029 490 1107 partem
538 1015 703 1082 citra
744 1014 993 1082 flumen
1038 1015 1295 1082 Ararim
1341 1010 1657 1106 reliquam
1700 1036 1885 1099 esse3
1922 1012 2004 1081 de
2047 1015 2240 1083 tertia
2272 1016 2366 1082 vi·

232 1119 380 1213 gina
400 1108 428 1152 ⁴
464 1144 625 1191 cum
666 1118 1033 1237 legionibus
1076 1119 1286 1188 tribus
1328 1142 1365 1185 e
1409 1120 1652 1186 castris
1684 1117 2053 1211 profectus,
2087 1118 2171 1188 ad
2214 1144 2362 1189 eam

237 1241 493 1321 partem
560 1227 906 1320 pervenit,
950 1248 1095 1320 quae
1151 1222 1447 1293 nondum
1505 1223 1753 1292 flumen
1804 1226 2169 1293 transierat.
2227 1229 2363 1295 Eos

240 1333 586 1428 impeditos
620 1346 688 1400 et
712 1333 1128 1426 inopinantes
1154 1314 1545 1424 aggressus⁵
1550 1380 1571 1416 ‚
1597 1352 1908 1422 magnam
1939 1355 2173 1400 eorum
2209 1356 2363 1428 par·

244 1452 373 1507 tem
395 1438 725 1509 concidit.
752 1437 983 1531 reliqui
1002 1436 1174 1530 sugae
1204 1459 1344 1504 sese
1372 1433 1775 1502 mandarunt
1787 1449 2033 1530 ,atque
2047 1439 2126 1505 in
2154 1441 2368 1532 proxi·

244 1569 381 1614 mas
420 1544 620 1615 silvas
651 1543 1063 1612 abdiderunt.
1097 1545 1164 1611 Is
1208 1564 1419 1635 pagus
1445 1524 1956 1635 “appellabatur
1978 1545 2365 1637 Tigurinus:

333 1765 383 1799 a.
406 1746 661 1799 Lino-ibus.
692 1745 902 1797 Lintres
931 1762 993 1797 ex
1018 1761 1147 1798 cava
1178 1761 1261 1796 ar-

251 1826 383 1877 bore
396 1826 718 1895 finnt,Virg,
734 1824 926 1894 Georg.
942 1824 986 1876 1.
1003 1842 1055 1876 v.
1078 1826 1209 1877 266.

436 1961 663 1974 ........
692 1937 823 1975 cavat
840 1928 1004 1974 arbore
1026 1928 1201 1974 lintres.

256 2044 517 2107 Μονὸξυλοι
542 2063 702 2116 graeco
741 2045 955 2097 nomine
997 2042 1264 2097 dicuntur.

256 2124 376 2175 Liv.
394 2124 510 2176 Dec.
526 2125 658 2176 111.1.
675 2142 713 2176 1.
730 2143 775 2177 c.
798 2129 1132 2195 afflatum-sque
1144 2125 1266 2175 alias

248 2206 450 2273 primm
480 2202 625 2256 Galli
650 2205 919 2256 enhaema
949 2204 1182 2256 cavabant
1206 2223 1267 2254 ea·

250 2284 445 2353 :cingulis
468 2282 730 2335 ‹ar-boribus.
760 2284 901 2338 Gon.

332 2362 382 2416 3.
408 2363 649 2433 Quartam
678 2382 795 2415 vero
816 2376 1017 2435 partem.
1045 2363 1151 2415 Alii
1180 2360 1269 2415 nd-

252 2439 385 2494 dunt
392 2444 502 2510 sere
515 2463 534 2494 .-
553 2443 723 2496 nostri
745 2455 916 2496 antem
934 2440 1088 2495 codd.
1106 2454 1262 2514 quart.

250 2540 364 2573 vero
386 2534 520 2593 part.
550 2522 701 2576 Hanc
724 2534 910 2594 partem
939 2522 1268 2593 suspicantur

249 2621 573 2675 oesepagum
594 2601 1008 2669 hodiedictum,
1030 2603 1269 2656 lecantari

251 2682 309 2733 de
331 2683 550 2744 Zuriclu
578 2681 671 2735 sed
701 2701 810 2735 non
836 2684 1078 2753 probant.

327 2769 379 2826 4.
399 2762 481 2814 De
500 2767 641 2813 tertia
664 2763 842 2831 vigilia.
867 2761 1019 2815 Circa
1040 2761 1268 2815 mediam

252 2853 471 2895 noctem.
498 2841 710 2911 vig-ilio
734 2842 1055 2913 incipiebant
1083 2844 1148 2895 ab
1178 2845 1277 2896 oc·‘

253 2940 369 2974 casu
394 2921 555 2985 solis,
572 2933 625 2972 et
655 2920 709 2971 in
741 2933 965 2991 quatuor
993 2934 1166 2993 partes
1201 2922 1268 2975 ad

252 2998 579 3074 clepsydram
624 2997 1024 3065 dividebantur,
1063 3013 1123 3054 ut
1161 3021 1270 3055 non

254 3081 475 3153 amplius
493 3079 667 3133 tribus
690 3078 836 3132 horis
854 3078 1099 3132 standum
1120 3093 1267 3134 esset.

255 3159 509 3214 stationes
539 3172 718 3212 autem
751 3158 1041 3212 secundum
1070 3160 1270 3230 vigilias

257 3241 491 3294 tibicines
521 3241 791 3304 locabant,
821 3240 993 3292 crebri
1026 3238 1272 3293 circuito·

258 3321 698 3374 resobservabant
713 3357 730 3384 ,
748 3319 1043 3373 cornicines
1058 3338 1272 3373 revoca·

259 3400 397 3454 bnt.
426 3401 615 3471 Veget.
639 3399 676 3451 l.
710 3416 807 3463 111,
837 3418 883 3452 c.
918 3401 970 3453 8.

336 3482 387 3534 5.
412 3479 733 3551 Aggoessus..
747 3518 759 3529 .
776 3479 992 3532 com-adit.
1013 3480 1134 3532 Non
1161 3479 1274 3550 ipse

261 3560 458 3624 Casar,
479 3560 554 3612 ait
575 3559 716 3611 Plut.
742 3558 798 3610 in
821 3559 951 3612 Caes.
982 3577 1027 3611 c.
1060 3561 1158 3624 18,
1180 3558 1273 3612 sed

257 3639 516 3692 Labienus
534 3639 765 3708 legatus3
780 3649 833 3690 at
849 3637 978 3691 fides
995 3642 1161 3709 major
1178 3640 1272 3691 ha·

257 3718 426 3772 benda
462 3718 659 3780 Caesari
687 3736 803 3770 suas
838 3737 920 3770 res
949 3731 1113 3788 gestas
1146 3718 1274 3772 scri·

258 3798 425 3864 benti,
444 3816 607 3870 quam
631 3797 916 3850 Plutarcho
942 3815 972 3849 e
996 3798 1133 3852 fama
1160 3811 1274 3851 tan·

256 3890 367 3930 tum
404 3876 679 3931 enarranti
715 3895 728 3928 :
765 3889 1015 3947 praeterea
1032 3915 1050 3943 ,
1084 3897 1192 3932 non
1232 3880 1277 3931 is

260 3970 365 4009 erat
395 3958 598 4021 Cesar,
621 3956 717 4027 qui
744 3975 897 4008 suum
924 3957 1154 4027 legatum
1183 3955 1276 4011 de·

261 4035 363 4089 bita
384 4034 543 4089 laude
569 4036 818 4107 privaret.
840 4036 1103 4090 Labienus
1128 4037 1277 4090 relic-

264 4126 341 4169 tus
358 4129 475 4169 erat
490 4116 550 4168 in
574 4115 851 4168 Provincia
864 4154 882 4181 ,
905 4113 973 4168 ad
989 4113 1279 4170 custodiam

263 4196 596 4259 munitionis3
615 4192 778 4259 unde,
788 4211 895 4265 quo
908 4193 1086 4256 modo,
1107 4207 1159 4248 et
1172 4214 1279 4266 quo

270 4284 497 4347 tempore
518 4272 740 4330 redierit
754 4311 771 4340 ,
794 4275 1055 4329 incertum
1078 4288 1171 4330 est.

364 4386 419 4452 Ι.

1428 1743 1485 1792 6.
1518 1739 1705 1809 Pagus.
1737 1740 1902 1793 Paulo
1937 1753 2056 1794 ante
2093 1741 2229 1796 dixit
2249 1764 2369 1816 pars

1350 1817 1737 1884 Helvetiorum,
1767 1819 1926 1890 paulo
1959 1833 2108 1891 post,
2132 1843 2252 1893 pars
2293 1824 2371 1877 ci·

1348 1898 1525 1951 vitatis
1550 1898 1819 1951 Helvetiae.
1851 1898 2023 1952 Facile
2045 1920 2108 1953 ex
2129 1901 2213 1954 his
2239 1900 2370 1975 quid

1351 1977 1419 2030 sit
1450 1997 1611 2048 pagus
1638 1978 1965 2049 intelligitur.
1997 1981 2167 2052 Pagus
2211 1982 2372 2053 igitur

1351 2056 1595 2110 villarum
1634 2058 1873 2123 societas,
1902 2057 2062 2125 ditio,
2095 2079 2251 2132 ager,
2279 2062 2372 2133 qui

1350 2136 1531 2191 multis
1581 2137 1711 2189 vicis
1769 2150 1971 2191 constat
2000 2157 2015 2191 :
2058 2160 2123 2191 un
2178 2153 2369 2197 canton.

1352 2214 1559 2281 Greci,
1597 2215 1771 2287 inquit
1814 2216 2135 2284 Glareanus,
2175 2222 2372 2291 πηγὴν,

1352 2294 1552 2347 fontem
1580 2294 1795 2360 dicunt,
1827 2297 1911 2349 καὶ
1928 2294 2146 2368 ‹impexi-'ic
2165 2300 2335 2370 παγὰν
2355 2319 2373 2365 3

1350 2372 1477 2427 inde
1503 2375 1705 2427 Latinis
1734 2373 1906 2428 dictus
1930 2396 2090 2447 pagus
2119 2381 2375 2451 cujusque

1352 2452 1501 2504 fluvii
1519 2466 1712 2506 tractus
1722 2492 1738 2518 ,
1753 2467 1805 2506 et
1821 2456 2067 2527 utrinque
2081 2457 2375 2511 secundum

1353 2530 1550 2586 flumen
1600 2534 1962 2588 habitationes.
2007 2535 2160 2590 Tales
2210 2540 2375 2610 porro

1350 2612 1672 2684 navigabiles
1699 2613 1850 2667 fluvii
1878 2616 2165 2669 etiamnum
2212 2618 2376 2672 hodie

1354 2706 1477 2744 sunt
1512 2694 1650 2746 intra
1693 2694 1725 2744 J
1731 2713 1909 2759 uram,
1941 2695 2293 2763 Rhodanum,
2321 2712 2377 2752 et

1354 2771 1600 2824 Rhenum
1616 2810 1632 2838 ,
1655 2774 1764 2825 veri
1787 2773 2037 2826 Helvetiae
2062 2788 2210 2829 terrm
2240 2778 2377 2830 lirni-

1354 2863 1430 2903 tes
1460 2868 1474 2903 :
1505 2870 1720 2923 prorsus
1752 2853 1809 2905 in
1852 2853 2104 2909 Helvetiis
2149 2869 2378 2928 quatuor

1355 2943 1478 2983 sunt
1505 2930 1682 2996 fluvii,
1701 2932 1965 3003 proecipue
1984 2952 2014 2985 a
2040 2938 2257 2988 summis
2284 2936 2376 2988 Al‘·

1353 3010 1510 3080 pibus
1538 3008 1875 3063 decurrentes
1899 3025 1951 3063 et
1973 3014 2241 3083 regionem
2261 3034 2375 3068 om·

1355 3106 1477 3139 nem
1508 3088 1564 3139 in
1593 3101 1819 3158 quatuor
1851 3102 2025 3160 partes
2053 3093 2177 3145 satis
2205 3113 2376 3165 aequa-

1354 3167 1476 3218 liter
1499 3165 1820 3232 dividentes,
1845 3170 1954 3221 scil.
1988 3170 2085 3231 Ur,
2114 3173 2373 3242 Limagus,

1363 3246 1511 3308 Ursa,
1533 3258 1587 3298 et
1605 3247 1781 3299 Amla.
1803 3243 2076 3320 (sequitur
2095 3251 2264 3323 ampla
2289 3251 2379 3305 de-

1357 3327 1575 3396 scriptio
1605 3339 1831 3397 quatuor
1857 3326 2174 3396 fluviorum)
2205 3344 2257 3384 et
2285 3332 2378 3385 ad·

1358 3404 1438 3458 dit
1469 3423 1482 3457 :
1514 3403 1582 3458 ad
1613 3405 1964 3459 confluentem
2012 3409 2159 3462 illum
2189 3406 2208 3471 (
2233 3413 2379 3481 juxta

1357 3484 1530 3538 locum
1549 3484 1752 3538 dictum
1769 3486 2044 3550 Cobolentz,
2071 3502 2380 3560 corruptum

1360 3582 1390 3616 a
1428 3566 1593 3616 verbo
1631 3566 1887 3636 confluens,
1923 3568 2082 3638 paulo
2125 3570 2260 3620 infra
2295 3588 2383 3622 ur-

1360 3644 1481 3695 bem
1513 3644 1767 3713 Cle'ngnow
1789 3685 1806 3711 ,
1841 3664 1958 3716 quse
2001 3660 2080 3700 est
2123 3650 2380 3702 Constan-

1362 3723 1541 3775 tiensis
1579 3722 1958 3795 episcopi)tria
1995 3726 2216 3779 flumina
2255 3727 2382 3781 Hel·

1360 3803 1623 3855 vetiorum
1652 3804 1905 3873 Limagus‚
1947 3805 2097 3866 Ursa,
2134 3825 2192 3858 ac
2224 3808 2383 3860 Arola

1363 3882 1419 3932 in
1451 3882 1696 3935 Rhenum
1722 3896 2083 3937 exonerantur.
2111 3886 2184 3936 Ur
2208 3898 2384 3940 autem

1364 3961 1523 4032 paulo
1535 3961 1790 4031 superius,
1801 3963 1934 4015 infra
1948 3967 2196 4034 majorem
2210 3977 2384 4019 tamen

1364 4040 1539 4092 Rheni
1582 4052 1905 4105 cataracten,
1936 4061 2052 4112 quo
2088 4045 2186 4095 sub
2225 4045 2383 4098 Scha-

1367 4120 1499 4172 fusia
1511 4131 1613 4184 est,
1625 4120 1868 4172 Rhenum
1886 4120 2077 4175 influit.
2088 4122 2212 4176 Hinc
2227 4126 2387 4196 igitur

1367 4210 1595 4270 quatuor
1625 4197 1841 4251 flumina
1871 4213 2097 4271 quatuor
2127 4202 2387 4261 Helvetio-

1366 4297 1486 4331 rum
1514 4279 1635 4350 pagi
1659 4277 1965 4333 creduntur.

1978 4413 2017 4457 2
