3111 5147
528 546 665 615 DE
708 549 1053 617 BELLO
1106 550 1601 620 GALLICO.
1646 552 1838 622 LIB.
1896 551 2101 622 vll.
2220 548 2364 645 377

244 672 696 764 multitudine,
715 682 769 748 si
786 681 876 748 ita
891 680 1148 749 accidat
1162 681 1302 774 ejus
1320 667 1668 770 discessu⁶‚
1691 684 2129 753 munitionum
2150 685 2370 778 praesi·
2408 695 2429 710 “

245 779 361 848 dia
409 784 847 854 circumfundi
901 801 1223 882 possent.
1283 812 1413 856 neu
1470 813 1624 857 cum
1674 789 1963 884 periculo
2015 814 2096 858 ex
2144 790 2375 858 castris

245 887 476 981 egredi
510 907 870 986 cogantur,
912 893 1167 962 dierum
1206 895 1408 962 XXX
1447 893 1795 989 pabulum⁷
1841 895 2377 1036 frumentumque

247 993 499 1064 habere
534 1022 765 1068 omnes
797 1014 1188 1070 convectum
1223 999 1430 1093 jubet.

364 1103 639 1188 LXXV.
697 1107 878 1173 Dum
920 1106 1062 1176 haec
1105 1106 1187 1175 ad
1229 1104 1512 1176 Alesiam
1558 1121 1878 1201 geruntur
1900 1161 1919 1194 ‚
1956 1106 2133 1177 Galli
2153 1162 2173 1196 ‚
2217 1130 2375 1177 con·

252 1203 410 1275 cilio
450 1212 821 1306 principum
859 1211 1139 1282 indicto¹
1144 1266 1164 1300 ‚
1193 1237 1329 1280 non
1359 1236 1588 1281 omnes
1609 1266 1629 1299 ,
1655 1215 1769 1308 qui
1797 1238 1981 1283 arma
2012 1214 2183 1283 ferre
2225 1239 2376 1309 pos-

255 1328 410 1382 sent
429 1368 448 1401 ,
483 1331 558 1384 ut
612 1319 866 1387 censuit
918 1320 1417 1414 Vercingetorix
1432 1316 1478 1405 ²,
1519 1320 1985 1390 convocandos
2036 1334 2379 1409 statuunt,
2452 1365 2469 1382 .

253 1419 374 1488 sed
394 1437 647 1492 certum
672 1448 1025 1493 numerum
1047 1428 1281 1519 cuique
1299 1426 1544 1495 civitati
1569 1426 2050 1519 imperandum3
2073 1452 2178 1514 ne,
2196 1440 2382 1495 tanta
2430 1439 2443 1450 “

254 1525 675 1598 multitudine
717 1530 1025 1619 confusa,
1051 1557 1175 1600 nec
1217 1531 1581 1662 moderari,
1612 1555 1735 1601 nec
1776 1531 2147 1608 discernere
2190 1557 2378 1620 suos,

255 1656 386 1702 nec
443 1634 888 1706 frumentandi
947 1622 1319 1707 rationem³
1375 1638 1621 1707 habere
1687 1652 1972 1775 possent.
2041 1640 2384 1767 Imperant

257 1739 490 1810 AEduis
500 1757 740 1837 ‚atque
761 1768 994 1814 eorum
1016 1743 1391 1833 clientibus,
1421 1731 1859 1839 Segusiauisss
1878 1729 2358 1814 Ambivaretis⁵
2358 1796 2382 1834 ‚

258 1925 431 1970 tatum
463 1936 492 1970 a
527 1917 959 1991 Vercingetorige
1002 1917 1279 1973 dimissum

1362 1919 1458 1972 bili
1469 1918 1674 1973 ratione
1680 1920 1919 1991 sperarit,
1933 1920 2200 1973 sehostem
2206 1919 2291 1972 vel
2298 1937 2383 1971 re-

258 1987 414 2067 (οφ
435 2015 467 2067 7
483 1995 554 2062 1),
570 2010 623 2051 et
642 1999 819 2070 copias
841 2000 1020 2054 abhoc
1043 2000 1279 2072 equitatu

1363 2010 1634 2053 tenturum
1641 1997 1947 2072 aliquandiu
1954 2012 2076 2054 ante
2083 2000 2268 2053 urbem
2275 2017 2384 2051 mu·

257 2074 520 2130 collectas.

346 2159 401 2209 6.
414 2158 542 2227 Ejus
558 2156 776 2210 dekcessu.
790 2158 1020 2211 Pessime
1036 2157 1075 2211 d
1079 2159 1284 2212 'Ablan-

260 2247 402 2287 eom
431 2236 532 2289 ait:
557 2235 658 2306 ofin
684 2257 798 2311 que,
832 2243 996 2309 sipar
1023 2239 1284 2290 husardus·

259 2320 434 2367 wnait
461 2328 681 2390 atraquer
706 2337 778 2368 ses
807 2318 958 2388 lignes
984 2338 1042 2370 en
1080 2337 1167 2370 son
1202 2318 1285 2370 ab·

261 2414 417 2449 senec.
450 2396 608 2448 Nulla
638 2397 831 2449 Caesari
860 2410 972 2450 erat
1007 2398 1142 2451 ratio
1174 2396 1283 2450 dis-

259 2491 454 2528 cessus.
465 2477 591 2547 Ejus
601 2477 829 2530 refertur
841 2477 909 2530 ad
924 2478 1147 2544 hostem,
1157 2478 1285 2548 Ejus

264 2554 502 2622 discessu,
541 2556 702 2611 scilic.
749 2555 979 2612 discessu
1023 2558 1285 2631 equitatus

264 2630 485 2717 (supra,
515 2656 561 2689 c.
598 2633 723 2707 71).

350 2734 406 2787 7.
435 2717 634 2769 Dies-um
656 2717 1077 2788 XXXpabulm
1080 2758 1173 2772 .....
1195 2719 1286 2770 ba-

265 2794 377 2847 bere
402 2796 555 2865 jubet.
587 2797 657 2849 Et
679 2797 782 2850 hoc
816 2797 935 2849 loco
951 2835 969 2862 ‚
1001 2809 1287 2869 utrumque

268 2873 465 2929 ducem
497 2877 762 2947 vituperat
801 2877 983 2948 Tur-pin
1012 2877 1071 2929 de
1099 2878 1284 2947 Crisse',

271 2967 311 3009 t.
329 2973 471 3027 11,p.
493 2957 1129 3028 131.Vercingetorigem‚
1143 2950 1290 3027 quod

267 3054 398 3090 cum
427 3036 659 3090 exercitu
689 3047 798 3088 tam
839 3054 1120 3089 numeroso
1151 3037 1290 3088 intra

271 3116 423 3168 urbis
434 3116 626 3169 moenia
647 3135 702 3168 se
719 3113 1014 3179 abdiderit;
1032 3116 1290 3169 Caesarem

273 3195 449 3267 arguit
487 3194 887 3268 imprudentia,
923 3193 1097 3267 quod,
1125 3214 1290 3267 quum

271 3274 484 3328 hostem
515 3274 917 3328 formidolosum
948 3286 1068 3327 ante
1103 3294 1157 3327 se
1196 3275 1291 3328 ha·

273 3355 453 3420 beret,
471 3369 524 3409 et
537 3356 696 3407 alium
713 3373 853 3426 pone
874 3373 928 3406 se
954 3352 1099 3407 haud
1119 3356 1293 3407 minus

274 3432 672 3488 formidandum
706 3446 1054 3506 exspectaret,
1083 3432 1293 3487 dierum

273 3533 382 3569 xxx
410 3513 742 3568 solummodo
767 3514 1020 3587 pabulum
1058 3513 1293 3567 frumen-

275 3607 500 3666 tumque
527 3614 709 3648 omnes
733 3594 975 3665 colligere
986 3595 1213 3665 jusserit.
1227 3596 1295 3646 At

279 3674 475 3728 Casu-i
505 3674 640 3727 nihil
670 3671 793 3727 inde
804 3672 1065 3731 ‚accidisse
1088 3688 1296 3745 compe-

278 3755 449 3808 rimus
475 3774 537 3807 ex
564 3754 1000 3825 sequentihus3et
1023 3755 1133 3825 ejus
1148 3751 1295 3806 laudi

275 3832 681 3888 concedendum
701 3847 806 3899 est,
833 3833 944 3887 scil.
976 3846 1181 3886 tantum
1200 3831 1298 3886 du-

279 3933 396 3969 cem
423 3915 548 3968 satis
576 3932 837 3986 superque
867 3914 1044 3966 animo
1072 3913 1296 3966 volvisse

280 3992 415 4066 quid
438 4007 573 4048 esset
593 3993 693 4049 sihi
720 3991 1034 4047 faciendum.
1063 3994 1144 4045 De
1160 3994 1296 4044 Ver·

281 4073 602 4147 cingetorige
645 4073 781 4126 nihil
811 4070 953 4126 aliud
981 4070 1297 4136 dicendum,

281 4155 384 4207 nisi
407 4152 580 4225 quod,
608 4171 775 4226 quum
810 4151 1014 4205 videret
1040 4152 1298 4205 Caesarem

281 4253 314 4286 e
333 4234 506 4289 Gallia
529 4231 864 4286 excedentem
877 4270 893 4298 ,
911 4245 964 4286 et
991 4229 1057 4285 ad
1075 4230 1297 4283 Provin-

280 4314 419 4369 ciam
447 4311 752 4369 tendentem
769 4350 787 4382 ,
806 4310 951 4368 haud
979 4311 1092 4366 sine
1111 4312 1301 4384 proha·

1364 2078 1697 2143 nifissimm,
1705 2091 1759 2132 et
1769 2091 1848 2132 tot
1860 2079 2094 2133 millibus
2101 2080 2384 2132 hominum

1366 2156 1660 2224 defensam,
1681 2171 1838 2231 atque
1862 2159 2127 2212 sociomm
2150 2156 2383 2211 adventu

1365 2237 1541 2310 primo
1557 2237 1767 2309 penitus
1777 2236 2071 2291 deleturum
2082 2256 2100 2305 3
2112 2237 2195 2291 sin
2208 2238 2384 2291 minus

1366 2316 1745 2390 posoesssaltem
1758 2337 1867 2370 non
1878 2319 1992 2372 sine
2000 2317 2230 2371 maximo
2241 2335 2386 2370 exer-

1367 2397 1502 2451 citus
1536 2399 1649 2468 ejus
1674 2395 1993 2451 detrimento
2022 2398 2168 2451 ubire
2201 2415 2384 2469 passu·

1367 2495 1505 2530 rum.
1539 2477 1737 2531 Omnia
1762 2477 1865 2549 ipsi
1889 2475 2116 2531 secunda
2135 2476 2386 2530 videban-

1370 2569 1474 2611 tur.
1499 2558 1621 2612 Jtm
1653 2558 1911 2613 Cesarem
1939 2557 2213 2630 Gergovia
2241 2557 2386 2611 ohsi-
2452 2578 2461 2583 ·

1371 2635 1587 2691 dionem
1636 2639 1838 2692 solvere
1881 2651 2122 2710 coegerat
2156 2657 2170 2691 :
2207 2656 2384 2691 secum

1371 2719 1661 2771 exercitum
1698 2717 1921 2771 victoria
1951 2719 2273 2771 exultantem
2288 2755 2306 2783 ,
2331 2729 2385 2770 et

1371 2816 1712 2850 numerosum
1743 2798 1972 2851 hahebat
1996 2817 2011 2851 ε
2038 2798 2177 2851 Galli
2216 2815 2385 2869 prope

1372 2895 1554 2929 omnes
1580 2894 1702 2929 cum
1728 2878 1978 2929 Arvernis
1999 2876 2384 2930 consentientes

1372 2954 1428 3008 in
1445 2955 1602 3008 armis
1627 2968 1790 3008 erant.
1824 2957 1926 3008 Res
1951 2956 2087 3008 male
2122 2956 2289 3009 cessit.
2315 2958 2385 3007 At

1374 3035 1592 3089 felicitas
1606 3046 1658 3087 et
1687 3035 2007 3106 experientia
2025 3034 2240 3087 victoris
2262 3034 2386 3086 solae

1374 3127 1497 3167 sunt
1516 3111 1816 3167 incusando
1829 3153 1844 3179 ,
1876 3132 1985 3166 uon
2006 3132 2226 3184 mugnus
2246 3113 2385 3166 Ver·

1374 3194 1708 3266 cingetorigis
1731 3193 1952 3247 animus.

1455 3275 1585 3327 Cu.
1598 3274 1820 3327 LXXV.
1848 3293 1894 3326 1.
1920 3271 2086 3335 Gaui,
2104 3273 2302 3325 concilab
2323 3275 2393 3324 in-

1375 3355 1519 3408 dicto.
1546 3355 1669 3419 Quo
1699 3355 1816 3407 loco
1847 3372 1955 3406 nou
1976 3351 2188 3405 dicitur.

1462 3454 1511 3487 α.
1550 3434 1620 3486 Ue
1636 3438 1817 3486 cerum?
1846 3435 2224 3502 Vercingetorix.
2246 3429 2389 3484 Vide

1378 3532 1424 3567 c.
1459 3532 1550 3583 7¹-
1583 3513 1781 3569 Forsan
1798 3512 2072 3578 melius,si
2101 3511 2388 3582 Vercinge-

1379 3593 1562 3664 torigis
1592 3594 1812 3647 consilio
1838 3593 2151 3665 paruissent.

1461 3673 1514 3725 3.
1537 3672 1983 3741 Necfiwnentandi
2007 3676 2250 3723 rationem.
2276 3667 2392 3722 Sca—

1377 3751 1508 3823 liger
1533 3752 1799 3806 revocavit
1836 3752 1973 3804 hanc
2013 3751 2290 3804 lectionem
2329 3767 2393 3801 ex

1379 3830 1535 3884 codd.
1568 3833 1691 3885 suis.
1724 3831 1826 3884 Alii
1855 3832 2090 3897 frumenti
2126 3833 2384 3889 rationem,

1380 3911 1932 3978 aliifiumentationem,
1967 3911 2038 3962 ita
2067 3907 2186 3962 cod.
2223 3908 2391 3978 5763.

1462 3997 1515 4054 4.
1534 3990 1835 4059 Segusiamk,
1851 3989 2192 4051 Anubim-etis,
2212 3987 2391 4040 Auler-

1380 4074 1448 4123 cis
1473 4070 1847 4123 Brannovicibws
1858 4108 1875 4132 ‚
1891 4081 1980 4121 etc.
1996 4070 2076 4121 De
2101 4069 2166 4121 iis
2184 4068 2393 4140 populis

1378 4148 1502 4203 vide
1527 4147 1758 4203 indicem
1774 4148 2195 4222 geographicum.
2262 4188 2267 4192 -

1469 4231 1520 4283 5.
1536 4229 1871 4285 Ambtvmtis.
1898 4226 2069 4284 Codd.
2091 4229 2199 4283 sere
2212 4246 2393 4282 omnes

1345 4360 1373 4371 .,
1384 4310 1724 4369 Ambluaretv's.
1830 4350 1839 4359 .
