3111 5147
950 570 1080 640 ET
1132 570 1535 642 GALLIS.
2163 578 2314 674 493

168 726 309 798 que
345 701 700 798 promissa,
722 699 984 773 lacertis
1010 701 1290 798 agilibus
1326 718 1395 773 et
1428 705 1724 774 nervosis
1742 757 1763 792 ,
1792 704 1959 775 facie
1991 706 2312 806 oblonga,

169 809 298 879 sed
344 806 591 878 nobili:
631 823 1071 904 praeterquam
1113 809 1327 904 quod,
1375 835 1582 904 quum
1624 814 2017 882 irasceretur
2064 814 2271 888 homo
2290 873 2312 907 ,

164 915 602 986 horrentibus
641 915 932 985 crinibus
951 971 971 1006 ‚
1005 919 1191 1011 genis
1224 916 1644 1002 rubentibus,
1674 933 1743 988 et
1776 916 1984 989 oculis
2011 922 2317 996 micanu-

162 1022 331 1111 bus,
358 1020 668 1092 terribilis
692 1037 967 1118 aspectu
990 1022 1215 1111 fieret3
1238 1038 1308 1093 et
1329 1023 1603 1094 habebis
1627 1023 1972 1095 Gallorum
2000 1031 2306 1121 speciem.

163 1131 284 1200 De
333 1127 555 1198 indole
596 1144 666 1198 et
712 1145 950 1199 natura
999 1154 1233 1200 eorum
1269 1130 1543 1219 Strabo,
1586 1129 1695 1199 lib.
1749 1155 1849 1218 ιν,
1894 1129 2058 1227 195.
2096 1136 2188 1204 Τὸ
2237 1130 2309 1206 δὲ

162 1239 421 1330 σύμπαν
472 1239 656 1330 φύλον
706 1239 1006 1305 Γαλλικὸν
1056 1237 1398 1330 ἀρειμανιόν
1453 1263 1523 1305 τε
1562 1237 1666 1305 καὶ
1701 1237 1949 1331 θυμικόν
1987 1242 2155 1318 ἐστι,
2205 1245 2309 1312 καὶ

161 1343 339 1436 τᾶχυ
375 1345 524 1436 πρὸς
561 1341 797 1436 μάχην·
838 1340 1038 1422 ἄλλως
1077 1334 1149 1411 δὲ
1190 1344 1422 1411 διπλοῦν
1471 1342 1581 1409 καὶ
1612 1348 1681 1411 οὐ
1729 1343 2049 1425 κακόηθες·
2088 1340 2196 1416 διὰ
2234 1341 2307 1421 δὲ

166 1459 367 1517 τοῦτο
403 1449 796 1544 ἐρεθισθέντες
833 1451 978 1541 μὲν,
1007 1449 1215 1543 ἀθρόοι
1253 1447 1486 1516 συνίασι
1524 1450 1676 1543 πρὸς
1712 1452 1857 1528 τοὺς
1893 1450 2166 1544 ἀγῶνας,
2204 1458 2308 1525 καὶ

162 1564 478 1649 φανερῶς,
517 1555 619 1623 καὶ
655 1560 724 1624 οὐ
763 1553 923 1649 μετὰ
958 1552 1399 1648 περισκέψεως,
1427 1582 1491 1622 κ.
1520 1582 1582 1623 τ.
1612 1562 1673 1623 λ.
1711 1553 1939 1626 Gallos
1969 1558 2171 1652 igitur
2214 1564 2307 1632 ait

157 1660 547 1749 bellicosos,
566 1677 634 1731 et
656 1676 1002 1758 promptos
1020 1661 1107 1731 ad
1125 1660 1538 1731 irascendum
1553 1715 1575 1749 ,
1592 1661 1709 1731 sed
1724 1663 1990 1758 ingenio
2012 1665 2305 1756 sincero,

163 1792 299 1837 nec
336 1768 627 1863 maligno
647 1821 667 1856 ‚
700 1794 823 1838 nec
854 1767 1140 1865 perfido:
1167 1768 1378 1838 Iidem
1410 1769 1560 1836 irati
1577 1820 1597 1855 ‚
1625 1765 1844 1864 palam
1886 1783 1956 1838 et
1994 1787 2305 1868 prompte

161 1890 443 1964 coeunt,
480 1874 597 1945 sed
624 1876 765 1945 sine
792 1874 1182 1971 prudentia:
1213 1874 1391 1943 unde
1424 1872 1779 1945 calliditate
1806 1889 1876 1944 et
1906 1878 2140 1972 peritia
2164 1878 2302 1972 ple·

160 2005 456 2075 rumque
479 1983 868 2070 vincuntur,
894 1981 997 2050 καὶ
1025 1991 1213 2049 τοῦτο
1241 1972 1314 2050 δὲ
1344 1981 1451 2074 μὲν
1479 1990 1605 2047 τῶν
1633 1981 2081 2077 θρυλλουμένων
2112 1987 2303 2072 ἐστιν,

160 2092 273 2156 ὅτι
303 2088 531 2168 πάντες
557 2088 791 2157 Κελτοὶ
822 2086 1146 2182 φιλόνεικοί
1175 2112 1245 2154 τε
1264 2088 1378 2154 ἐισὶ
1396 2137 1417 2171 ,
1444 2101 1513 2156 et
1538 2087 1877 2158 Diodorus
1898 2091 1991 2158 ait
2009 2143 2029 2178 ‚
2054 2115 2170 2160 eos
2195 2092 2301 2162 vel

157 2192 510 2265 levissimis
553 2193 638 2264 de
682 2197 893 2264 causis
928 2195 1102 2263 inter
1157 2216 1299 2264 sese
1351 2193 1754 2263 contendere
1800 2193 2061 2282 solitos,
2103 2198 2302 2268 etiam

156 2303 342 2371 inter
376 2300 773 2371 coenandum
790 2325 811 2385 ς
831 2299 1009 2369 unde
1039 2299 1147 2388 fit,
1178 2314 1256 2369 ut
1285 2301 1636 2394 saepissime
1659 2325 1696 2368 e
1719 2302 2039 2370 conviviis
2062 2318 2300 2373 exeant

157 2407 482 2505 singulari
518 2406 743 2503 praelio
781 2406 1218 2477 decer-taturi:
1253 2410 1361 2496 Τῷ
1401 2398 1473 2473 δὲ
1508 2406 1689 2495 ἁπλῷ
1726 2406 1831 2473 καὶ
1865 2407 2097 2501 θυμικῷ
2138 2412 2298 2478 πολὺ

156 2515 247 2583 τὸ
274 2516 533 2592 ἀνόητον
569 2515 673 2583 καὶ
708 2509 1064 2596 ἀλαζονικὸν
1096 2514 1390 2609 πρόσεστι
1410 2563 1432 2598 ,
1463 2511 1565 2581 καὶ
1598 2513 1676 2596 Ιτὸ
1705 2513 2096 2609 φιλόκοσμον.
2129 2515 2297 2586 Sim·

155 2619 442 2717 plicitati
479 2647 712 2692 eorum
748 2620 1033 2691 multum
1069 2620 1261 2691 adest
1291 2622 1679 2689 temeritatis
1712 2635 1782 2689 et
1808 2623 2299 2693 ostentationis:

153 2742 574 2824 quapropter
602 2729 845 2821 passim
881 2731 1107 2797 Caesar
1138 2742 1207 2796 et
1235 2727 1523 2814 Hirtius,
1560 2725 1722 2796 dum
1753 2726 2100 2798 Gallorum
2145 2753 2301 2800 can-

152 2835 397 2905 dorem
426 2833 731 2920 laudant,
748 2831 1175 2901 nihilominus
1205 2834 1299 2901 eis
1321 2830 1730 2925 exprobrant
1749 2833 1941 2903 simul
1966 2832 2298 2906 levitatem

153 2943 237 3011 in
259 2940 541 3012 consiliis
561 2938 896 3034 capiendis
910 2992 931 3027 ‚
949 2953 1016 3008 et
1036 2962 1274 3033 parum
1298 2951 1601 3006 tenacem
1622 2940 1946 3032 propositi
1967 2942 2296 3012 animum:

152 3050 325 3118 item
348 3072 557 3118 novas
584 3071 690 3116 res
721 3070 982 3141 semper
1020 3042 1395 3139 aucupandi
1422 3041 1744 3131 studium,
1778 3045 1968 3138 cujus
2004 3069 2177 3140 saepe
2207 3046 2297 3117 le·

155 3155 388 3225 vitatis
406 3155 725 3251 poenitere
744 3177 859 3223 eos
883 3177 921 3221 e
951 3152 1228 3246 vestigio
1269 3174 1538 3219 necesse
1574 3149 1852 3220 sit.Vide
1878 3154 1949 3219 B.
1977 3153 2088 3241 G„
2114 3150 2154 3220 l.
2186 3176 2299 3243 iv,

155 3287 225 3332 c.
278 3258 342 3332 5.
381 3263 550 3351 Quae
592 3259 821 3330 levitas
857 3274 926 3329 et
970 3259 1443 3344 inconstantia,
1479 3254 1664 3326 addit
1694 3257 1962 3345 Strab0‚
1991 3257 2060 3326 in
2099 3282 2298 3329 causa

156 3382 269 3438 est
287 3422 306 3458 ,
335 3393 457 3438 cur
488 3370 772 3437 victores
788 3364 1118 3437 exsultent
1154 3362 1567 3451 insolentius,
1602 3365 1763 3433 victi
1795 3378 2301 3437 consternentur

154 3488 364 3570 atque
410 3476 736 3571 ignaviter
774 3472 1047 3570 fugiant.
1091 3471 1443 3541 Libertatis
1484 3484 1706 3540 autem
1753 3484 1942 3539 erant
1976 3474 2296 3542 amantis-

154 3583 348 3670 simi,
377 3584 537 3677 quin
567 3596 636 3650 et
655 3583 831 3651 acuti
849 3580 1112 3674 ingenio
1129 3631 1150 3666 ‚
1178 3592 1246 3646 et
1270 3600 1312 3645 a
1338 3576 1645 3648 doctrina
1670 3577 1944 3646 minime
1968 3575 2161 3646 alieni
2179 3632 2199 3666 ,
2222 3594 2299 3649 ut

152 3687 436 3759 tradunt
462 3688 702 3758 Strabo
738 3701 808 3755 et
839 3684 1213 3771 Diodorus3
1244 3698 1443 3778 atque
1473 3685 1614 3779 ipse
1655 3686 1879 3752 Caesar
1913 3682 2298 3775 confirmat,

154 3820 370 3892 quum
412 3795 496 3864 de
538 3793 928 3864 educatione
970 3805 1039 3860 et
1065 3788 1441 3859 liberalibus
1481 3813 1715 3858 eorum
1742 3790 2054 3859 institutis
2085 3789 2295 3885 loqui-

159 3919 309 3991 tur,
351 3904 423 3970 B.
456 3905 579 3989 G.,
615 3899 655 3969 Ι.
693 3924 798 3983 vr,
834 3923 891 3968 c.
931 3921 1024 3986 11,
1059 3911 1128 3966 et
1162 3921 1338 3991 seqq.
1368 3895 1620 3989 Argute
1654 3897 1852 3968 etiam
1887 3899 2294 3991 scienterque

159 4008 624 4105 loquebantur.
673 4003 971 4075 Juvenal.
1020 4018 1137 4074 sat.
1183 4026 1325 4091 vn,
1373 4026 1434 4069 v,
1495 4005 1634 4098 147
1676 4027 1691 4069 ε

325 4145 474 4219 Quis
501 4145 656 4204 bene
682 4142 976 4202 dicentem
1016 4139 1274 4200 Basilum
1306 4137 1498 4198 ferat?
1527 4136 1773 4215 accipiat
1803 4148 1861 4194 te

329 4242 520 4303 Gallia
525 4283 888 4304 ........
