3111 5147
575 543 713 612 DE
765 545 1110 614 BELLO
1162 545 1651 633 GALLICO.
1711 549 1898 618 LIB.
1954 551 2130 619 VII.
2294 549 2443 624 303

307 687 382 745 et
416 673 598 769 quod
632 677 789 744 anni
816 690 1119 795 tempore
1158 663 1659 747 sublevenmr³=
1705 678 2021 775 pabulum
2061 683 2267 751 secari
2310 709 2447 754 non

307 804 552 877 posse3
593 784 962 853 necessario
1015 783 1341 879 dispersos
1388 783 1613 854 hostes
1660 809 1742 854 ex
1798 776 2129 857 aedificiis⁴
2175 803 2446 883 petere:

307 886 438 956 hos
475 912 709 959 omnes
751 889 1039 984 quotidie
1078 890 1163 957 ab
1208 889 1534 984 equitibus
1585 877 1833 960 deleri⁵
1876 919 2084 988 posse.
2126 898 2449 965 Praeterea

311 992 543 1063 salutis
595 1020 794 1065 causa
845 998 939 1065 rei
990 995 1325 1067 familiaris
1382 996 1734 1067 commoda
1790 999 2225 1094 negligenda3
2268 1003 2448 1072 vicos

312 1114 515 1196 atque
543 1101 818 1171 aedificia
850 1101 1111 1173 incendi
1150 1116 1458 1197 oportere
1491 1103 1622 1173 hoc
1670 1106 1924 1199 spatio,
1969 1130 2008 1173 a
2052 1092 2254 1177 Βοίιιεἰ
2285 1133 2446 1202 quo-

314 1232 452 1301 quo
498 1232 729 1279 versus
759 1261 776 1297 ‚
814 1233 947 1303 quo
993 1207 1350 1327 pabulandi
1393 1233 1592 1278 causa
1631 1210 1812 1279 adire
1851 1237 2042 1307 posse
2082 1212 2444 1283 videantur.

317 1316 576 1382 Harum
615 1316 771 1410 ipsis
809 1340 1029 1384 rerum
1070 1317 1328 1409 copiam
1371 1331 1720 1411 suppetere
1744 1371 1764 1405 ,
1799 1318 2016 1411 quod,
2056 1344 2339 1413 quorum
2382 1323 2449 1388 in

315 1417 562 1489 finibus
588 1419 834 1491 bellum
865 1436 1168 1516 geratur,
1190 1446 1421 1490 eorum
1448 1422 1683 1517 opibus
1709 1422 2173 1494 subleventur:
2205 1427 2449 1495 Roma-

317 1550 443 1596 nos
499 1542 616 1596 aut
661 1529 950 1622 inopiam
1001 1553 1139 1597 non
1182 1526 1474 1615 laturos,
1516 1542 1633 1597 aut
1673 1551 1917 1624 magno
1967 1555 2121 1601 cum
2158 1530 2451 1663 periculo

319 1628 580 1727 longius
618 1657 657 1702 a
694 1635 921 1705 castris
960 1632 1494 1730 progressuros7:
1525 1658 1740 1729 neque
1778 1637 2088 1707 interesse
2106 1624 2449 1731 ‚ipsosne⁸

319 1739 754 1827 interficiant,
777 1740 1342 1836 impedimentisne
1372 1755 1619 1810 exuant
1627 1741 1909 1836 ‚quibus
1931 1743 2182 1813 amissis
2205 1738 2453 1812 bellum

324 1848 463 1941 geri
502 1871 640 1915 non
677 1849 899 1942 possit.
943 1851 1269 1917 Praeterea
1307 1847 1550 1942 oppida
1610 1847 1871 1917 incendi
1921 1863 2229 1943 oportere
2250 1901 2269 1936 ,
2304 1873 2451 1943 quae

321 1976 459 2020 non
504 1954 865 2025 munitione
900 1968 969 2023 et
1001 1952 1129 2023 loci
1169 1968 1404 2022 natura
1441 1952 1527 2021 ab
1567 1955 1748 2023 omni
1785 1955 1916 2022 sint
1947 1953 2239 2049 periculo
2280 1970 2454 2045 tuta;

322 2083 458 2127 neu
502 2061 634 2130 suis
677 2062 808 2129 sint
846 2060 932 2129 ad
972 2058 1466 2133 detrectandam
1498 2058 1796 2131 militiam
1838 2060 2291 2156 ieceptacula‚
2324 2086 2454 2132 neu

327 2164 649 2235 Romanis
700 2167 1040 2297 proposita
1060 2166 1086 2204 ⁹
1128 2165 1212 2235 ad
1263 2167 1522 2285 copiam
1577 2180 1983 2237 commeatus
2034 2167 2454 2262 praedamque

327 2270 760 2341 tollendam¹⁰
763 2277 977 2343 ,Haec
1018 2274 1072 2343 si
1114 2274 1338 2368 gravia
1380 2287 1496 2341 aut
1530 2272 1772 2341 acerba
1811 2273 2206 2361 videantur,
2242 2273 2455 2344 multo

323 2377 437 2446 illa
474 2381 754 2475 gravius„
779 2377 1172 2451 aestimare-¹¹
1216 2378 1456 2449 debere
1480 2431 1501 2466 ‚
1534 2376 1774 2449 liberos
1798 2431 1818 2467 ,
1859 2382 2172 2474 conjuges
2214 2380 2282 2447 in
2320 2404 2453 2449 ser-

327 2579 612 2633 lectionem
625 2595 930 2658 corruptam
941 2599 1004 2633 ex
1018 2583 1285 2652 conjunct.
1305 2591 1355 2630 et
1437 2578 1735 2650 percipitur
1748 2617 1765 2645 ‚
1785 2579 2129 2634 confirmatur
2151 2581 2457 2635 auctoritate

330 2661 626 2732 suspicatur
641 2659 889 2714 Oudend.
920 2661 1109 2714 Caeteri
1135 2679 1318 2712 omnes
1335 2698 1351 2724 ‚
1409 2671 1420 2698 ⁸
1441 2656 1598 2711 codd.
1623 2673 1927 2712 nostrorum
1944 2698 1960 2724 ,
1978 2673 2030 2712 et
2047 2660 2267 2732 interpr.
2287 2679 2456 2732 graeco

329 2752 384 2792 et
415 2753 597 2794 notter
629 2741 777 2812 5764
793 2779 809 2806 ,
831 2742 1094 2811 vulgatam
1124 2750 1351 2793 servant.
1439 2739 1533 2809 qui
1555 2739 1713 2792 habet
1731 2740 1828 2792 ἀπὸ
1847 2746 1933 2800 τῆς
1954 2741 2120 2800 Barac:
2135 2753 2459 2813 quapropter

417 2820 468 2873 3.
500 2821 652 2890 Quod
671 2826 789 2874 anm·
817 2833 1020 2891 tempore
1043 2819 1352 2874 subleventur.
1440 2819 1593 2871 nullo
1624 2817 1785 2871 modo
1813 2818 2142 2873 sollicitanda
2173 2832 2265 2873 est.

334 2897 577 2952 Hiberno
591 2938 608 2965 ‚
623 2901 735 2953 scil.
756 2919 921 2971 quum
947 2898 1085 2953 Galli
1100 2898 1355 2970 pabulum
1523 2900 1944 2968 7.Progressuros.
1955 2897 2165 2951 Habent
2184 2899 2452 2970 antiquiss.

334 2977 611 3032 conditum
630 2980 684 3032 in
705 2978 939 3032 aedificiis
954 2978 1196 3031 habeant.
1212 2976 1352 3030 Gon.
1385 2985 1390 2992 '
1441 2977 1761 3030 membranae
1775 2995 2091 3046 process-mos.
2122 2975 2271 3030 Idem
2297 2991 2388 3031 est.

421 3066 473 3119 4.
491 3060 579 3111 Ex
592 3059 824 3129 aedificiis.
836 3060 1009 3124 vicie,
1024 3057 1198 3129 pagis,
1219 3056 1358 3109 villis
1522 3059 1571 3110 8.
1584 3057 1810 3125 Ipsosne..
1822 3055 2232 3125 inmedimentisne.
2248 3057 2457 3127 Duplex

337 3141 394 3192 in
425 3139 621 3209 quibus
648 3136 925 3192 conditum
950 3149 1061 3190 erat
1077 3135 1354 3208 pabulum.
1442 3156 1530 3200 ne,
1548 3153 1656 3211 pro

336 3218 522 3272 Ηοτιι.

427 3297 477 3353 5.
495 3295 678 3351 Deleri.
695 3298 836 3350 Bene
848 3291 966 3350 cod.
980 3306 1161 3348 noster
1179 3295 1325 3365 5764
1340 3331 1357 3359 ,

1684 3154 1772 3196 an,
1796 3145 1968 3186 utrum.
1987 3165 2068 3176 —-
2089 3134 2453 3204 Impedimratis.

1443 3214 1562 3267 Hoc
1592 3212 1741 3277 loco,
1769 3231 1871 3283 pro
1897 3211 2053 3266 mulis
2082 3225 2134 3267 et
2159 3215 2427 3284 jumentis.

1527 3313 1578 3362 9.
1608 3294 1881 3364 Proposita.
1910 3292 2096 3344 Parata
2124 3305 2179 3347 et
2201 3294 2366 3348 veluti
2390 3291 2456 3346 ad

341 3377 506 3430 deleri.
553 3377 745 3432 Caeteri
794 3377 904 3429 fere
957 3393 1140 3429 omnes
1153 3411 1171 3439 ‚
1197 3373 1356 3442 diligi.

341 3457 556 3529 Absque
584 3474 740 3510 sensu
771 3468 824 3509 et
850 3455 1115 3528 probabili
1133 3453 1356 3505 ratione.

426 3540 480 3590 6.
498 3536 808 3607 Hoc-spatio,
838 3556 870 3586 a
894 3535 1038 3588 Boia.
1065 3533 1274 3587 Scilicet
1303 3533 1358 3584 in

344 3617 494 3671 omni
507 3617 610 3670 hoc
622 3616 792 3688 spatio
804 3612 949 3686 quod
963 3627 1038 3667 est
1050 3613 1188 3668 inter
1200 3612 1362 3665 Boio-

342 3715 466 3749 rum
498 3708 551 3749 et
571 3696 871 3765 Biturigum
901 3690 1233 3757 civitates‚id
1257 3703 1360 3757 est,

342 3776 402 3828 in
422 3776 592 3847 spatio
606 3772 751 3848 quod
777 3791 946 3846 prope
961 3772 1175 3844 triginta
1189 3771 1362 3826 leucas

343 3854 512 3911 efficit
539 3873 568 3906 a
599 3855 857 3908 Boiorum
897 3850 1098 3925 oppido
1128 3849 1197 3903 ad
1224 3852 1361 3902 Ava-

341 3936 535 3988 ricum.
556 3934 747 3987 Nescio
764 3931 896 4005 quid
910 3943 1176 4004 nugantur
1199 3931 1363 3984 inter-

344 4026 542 4086 pretet,
557 4015 696 4066 inter
708 4032 841 4084 quos
854 4012 1093 4077 Vossius,
1103 4010 1365 4075 Davisius,

347 4106 446 4148 etc.
465 4093 564 4167 qui
583 4112 743 4167 super
767 4093 911 4148 hunc
932 4092 1107 4145 locum
1128 4091 1367 4144 innume-

347 4192 431 4228 ras
443 4173 783 4230 difficultates
798 4174 856 4228 in
868 4169 1103 4226 medium
1118 4170 1362 4224 afferunt.

345 4253 490 4308 Bene
509 4274 564 4310 ue
579 4255 742 4310 habet
761 4253 922 4308 lectio
932 4252 1142 4322 vulgata
1152 4263 1205 4305 et
1224 4260 1366 4304 recte

1444 3392 1661 3428 manum
1679 3411 1695 3437 ,
1724 3370 1791 3425 ad
1829 3370 2213 3444 deportandam
2230 3371 2357 3426 inde
2373 3393 2459 3426 co-

1443 3455 1589 3525 piam
1611 3464 1943 3506 commeatus.
1977 3451 2052 3504 M.

1533 3551 1554 3586 1
1569 3551 1617 3586 o.
1657 3533 1974 3603 Praedamque
2014 3530 2284 3584 tollendam.
2318 3531 2458 3585 Male

1445 3610 1713 3665 Hotmano
1740 3631 1844 3668 vox
1874 3611 2131 3666 tollendam
2150 3629 2457 3683 supervaca-

1445 3710 1542 3746 nea
1562 3690 1790 3758 videtur,
1804 3691 2184 3762 refragantibus
2196 3689 2332 3743 MSS
2350 3709 2460 3743 om·

1445 3772 1623 3837 nibus,
1634 3784 1691 3825 et
1701 3771 1860 3842 pleno
1881 3790 1940 3825 ac
1954 3772 2234 3843 perspicuo
2243 3769 2459 3823 Cauris

1447 3852 1602 3924 stylo.
1627 3849 1834 3906 Phaedr.
1855 3851 1890 3903 l.
1915 3867 1994 3916 11,
2026 3849 2130 3903 fab.
2164 3851 2237 3903 8:

1447 3937 1597 3982 Avom
1614 3941 1863 3982 convocata
1878 3932 2017 3991 jubet
2037 3929 2187 3978 occidi
2207 3930 2379 3978 familia

1446 4006 1745 4067 Padumque
1764 4004 1923 4052 tollit..
1944 4040 1954 4050 .
1975 4039 1985 4051 .
2006 4039 2016 4050 .
2117 4004 2346 4052 Onnum

1536 4107 1560 4142 1
1578 4106 1599 4142 1
1610 4083 2172 4143 .AEse1man.1ta00dd.
2190 4085 2460 4157 antiquiss.

1448 4170 1583 4234 Qnae
1598 4167 1756 4224 lectio
1771 4165 2058 4237 elqamior
2089 4176 2180 4219 est.
2214 4166 2295 4220 Al.
2323 4167 2462 4219 inter

1451 4268 1585 4320 quos
1606 4259 1789 4304 noster
1815 4264 1925 4324 reg.
1952 4246 2101 4316 5764
2119 4283 2137 4311 ‚
2156 4249 2401 4300 animari.
