3111 5147
504 521 644 588 DE
709 522 1043 590 BELLO
1109 523 1601 595 GALLICO.
1658 528 1846 598 LIB.
1904 530 2035 600 vl.
2209 533 2356 630 273

215 654 548 723 Germani
604 652 1020 747 agriculturae
1079 655 1346 725 student
1363 710 1381 743 ‚
1429 661 1767 733 constituit
1791 713 1808 748 ,
1860 686 1995 731 non
2048 667 2357 760 progredi

213 759 521 854 longius3
553 759 669 829 sed
692 814 712 846 ‚
744 786 828 829 ne
869 763 1141 830 omnino
1185 776 1436 830 metum
1473 764 1719 835 reditus
1762 770 1861 836 sui
1898 768 2191 840 barbaris
2233 772 2355 842 tol·

215 865 389 935 leret
407 918 426 952 ‚
455 880 656 959 atque
692 880 766 934 ut
801 891 1033 935 eorum
1077 866 1312 936 auxilia
1353 869 1682 957 tardaret,
1716 873 1988 943 reducto
2026 881 2316 949 exercitu
2337 931 2357 969 ,

215 986 484 1069 partem
525 971 824 1041 ultimam
854 976 1075 1067 pontis
1096 1026 1116 1061 ,
1142 999 1287 1068 quae
1323 976 1498 1069 ripas
1529 977 1863 1047 Ubiorum
1892 984 2315 1077 contingebat
2338 1038 2357 1073 ,

215 1081 294 1147 in
329 1077 806 1172 longitudinem
849 1080 1093 1173 pedum
1137 1083 1256 1150 CC
1292 1081 1603 1151 rescindit
1621 1068 1680 1170 5;
1721 1098 1918 1178 atque
1953 1087 2021 1154 in
2060 1103 2356 1161 extremo

216 1200 430 1281 ponte
464 1186 700 1253 turrim
738 1184 1181 1255 tabulatorum
1219 1202 1504 1281 quatuor
1537 1191 1915 1277 constituit,
1951 1194 2355 1286 praesidium-

218 1317 356 1386 que
408 1291 780 1359 cohortium
826 1294 958 1359 XII
1003 1294 1223 1385 pontis
1268 1293 1492 1362 tuendi
1543 1319 1745 1364 causa
1795 1300 2021 1390 ponit,
2072 1305 2355 1395 magnis-

220 1422 356 1492 que
393 1422 544 1466 eum
580 1395 800 1466 locum
833 1398 1306 1467 munitionibus
1339 1399 1578 1491 firmat.
1616 1403 1699 1469 Ei
1738 1399 1886 1470 loco
1925 1406 2358 1503 praesidioque

221 1507 299 1574 C.
329 1502 706 1573 Volcatium
741 1503 1007 1572 Tullum
1047 1503 1530 1573 adolescentem
1573 1505 1883 1601 praefecit.
1922 1511 2109 1602 Ipse,
2148 1536 2356 1605 quum

223 1626 666 1680 maturescere
707 1609 1040 1679 frumenta
1070 1611 1434 1705 inciperent
1453 1664 1472 1699 ‚
1499 1611 1580 1678 ad
1625 1611 1871 1682 bellum
1916 1606 2358 1713 Ambiorigis⁶

223 1717 594 1812 profectus,
621 1707 780 1810 [per
812 1706 1238 1785 Arduennam
1273 1715 1504 1786 silvam
1524 1717 1575 1805 ⁷,
1600 1742 1745 1811 quae
1774 1733 1875 1787 est
1895 1722 2095 1791 totius
2127 1724 2357 1795 Galliae

223 1826 509 1892 maxima
535 1877 555 1909 ‚
581 1837 778 1917 atque
812 1822 899 1890 ab
936 1824 1093 1917 ripis
1139 1822 1355 1892 Rheni
1398 1822 1768 1917 finibusque
1801 1828 2227 1897 Trevirorum
2271 1831 2357 1901 acl

221 1931 506 2000 Nervios
542 1930 861 2023 pertinet,
895 1927 1310 2023 millibusque
1345 1928 1625 2023 amplius
1668 1932 1735 1998 D
1768 1932 1836 1998 in
1880 1930 2355 2026 longitudinem

221 2051 408 2131 patet
429 2026 496 2124 ‚]
531 2038 604 2104 L.
635 2036 1005 2104 Minucium
1039 2034 1326 2104 Basilum
1357 2060 1512 2104 cum
1542 2038 1728 2103 omni
1750 2039 2044 2129 equitatu
2066 2044 2354 2134 praemjt-

223 2144 306 2211 tit
326 2195 348 2227 ,
371 2143 426 2210 si
459 2140 616 2234 quid
640 2140 971 2211 celeritate
1005 2142 1254 2209 itineris
1283 2155 1480 2233 atque
1508 2145 2004 2235 opportunitate
2038 2150 2354 2240 temporis

223 2247 549 2343 proficere
601 2248 844 2342 possit:
883 2262 1147 2332 monet,
1184 2261 1258 2315 ut
1298 2248 1479 2341 ignes
1533 2245 1678 2315 fieri
1717 2248 1786 2314 in
1839 2251 2066 2317 castris
2127 2254 2352 2345 prohi-

221 2355 378 2425 beat
400 2408 420 2442 ,
450 2378 534 2422 ne
573 2377 704 2448 qua
747 2354 888 2447 ejus
943 2352 1263 2422 adventus
1307 2350 1538 2447 procul
1583 2350 1972 2447 significatio
2014 2354 2170 2425 fiat:
2212 2384 2352 2429 sese

222 2460 568 2531 confestim
613 2444 957 2555 subsequi⁸
999 2459 1175 2528 dicit.
2343 2516 2353 2547 z

322 2570 547 2637 XXX.
587 2565 836 2636 Basilus
858 2564 903 2651 ¹,
929 2581 1007 2636 ut
1041 2568 1437 2662 imperatum
1471 2579 1612 2654 est,
1642 2566 1838 2636 facit:
1868 2565 2166 2639 celeriter
2192 2595 2347 2641 con-

223 2689 454 2769 traque
507 2675 802 2742 omnium
859 2674 1236 2767 opinionem
1293 2672 1597 2742 confecto
1654 2675 1923 2762 itinere,
1981 2674 2225 2746 multos
2282 2681 2350 2748 in

223 2783 394 2876 agris
450 2782 864 2874 inopinantes
920 2778 1393 2873 deprehendit3
1437 2803 1668 2846 eorum
1720 2779 1964 2849 indicio
2008 2782 2092 2850 ad
2134 2785 2350 2878 ipsum

221 2886 669 2981 Ambiorigem
700 2885 1077 2971 contendit,
1105 2909 1238 2980 quo
1274 2886 1341 2952 in
1370 2882 1518 2954 loco
1561 2909 1713 2951 cum
1752 2887 1979 2977 paucis
2022 2890 2349 2981 equitibus

222 3018 359 3063 esse
399 2992 760 3062 dicebatur.
800 2990 1090 3060 Multum
1131 3014 1338 3084 quum
1366 2992 1445 3058 in·
1477 2988 1784 3057 omnibus
1827 2988 2078 3078 rebus²‚
2102 3007 2243 3061 tum
2281 2997 2348 3064 in

221 3125 289 3168 re
323 3098 591 3170 militari
630 3111 846 3192 potest
875 3097 1157 3164 fortuna.
1200 3098 1373 3166 Nam
1412 3097 1581 3163 sicut
1612 3118 1855 3187 magno
1889 3095 2126 3166 accidit
2154 3121 2347 3187 casu,

221 3221 293 3275 ut
334 3208 402 3275 in
445 3207 660 3299 ipsum
703 3206 1041 3272 incautum
1083 3215 1279 3296 atque
1318 3201 1514 3269 etiam
1555 3202 1953 3295 imparatum
1996 3202 2345 3291 incideret,

223 3313 531 3406 priusque
573 3310 713 3403 ejus
771 3310 1093 3378 adventus
1146 3308 1231 3377 ab
1277 3306 1655 3376 hominibus
1710 3305 2044 3376 videretur
2071 3362 2090 3397 ‚
2145 3334 2343 3403 quam
2384 3361 2387 3362 f

223 3491 570 3564 Oudendorp.
580 3490 834 3564 proponit
847 3490 1068 3551 homines,
1086 3506 1237 3560 ενα).
1326 3499 1528 3540 textum
1543 3487 1834 3558 conjiciunt
1851 3488 2112 3542 nonnulli.
2128 3489 2195 3542 Et
2208 3492 2347 3563 reip-

223 3574 482 3643 interpres
501 3571 728 3635 omittit,
747 3584 799 3622 et
823 3571 996 3623 forsan
1026 3569 1237 3622 rectius.
1325 3585 1380 3619 sa
1394 3568 1459 3619 ab
1473 3567 1761 3639 interprete
1770 3586 1939 3638 greco
1952 3587 2167 3639 prorsus
2180 3570 2341 3624 abest.

225 3651 406 3704 Nostri
436 3650 591 3704 codd.
624 3651 823 3702 habent
853 3668 1024 3701 omnes.
1225 3675 1232 3686 ·
1326 3645 1467 3700 vid:
1489 3645 1719 3699 indicem
1758 3648 2184 3718 geographicum.

304 3732 355 3785 5.
382 3732 642 3783 Rescindit.
676 3730 818 3782 Bene
832 3767 849 3794 ‚
877 3728 1103 3780 rescindit
1122 3746 1239 3798 par»
1406 3730 1459 3781 8.
1486 3725 1733 3797 Sub-requi.
1762 3726 2190 3781 subsecuturum.

229 3824 312 3863 tem
331 3816 530 3882 pontis3
569 3828 692 3863 nam
722 3809 1010 3870 rescindere,
1046 3820 1124 3861 est
1151 3826 1240 3879 pe-
1404 3805 1533 3858 Cn.
1560 3805 1734 3856 XXX.
1770 3823 1817 3857 1.
1838 3806 2051 3858 Basilus.
2074 3806 2345 3860 Minucius

224 3891 362 3944 nitus
386 3889 657 3943 destruere
675 3908 733 3940 ac
760 3889 958 3941 tollere.
1323 3884 1526 3937 Basilus
1547 3884 1687 3936 inter
1701 3887 2001 3953 conjuratos
2019 3898 2154 3947 erat,
2177 3905 2206 3939 a
2220 3889 2339 3958 qui.

219 3975 234 3995 '
302 3976 356 4024 6.
389 3971 581 4024 Beuum
600 3969 914 4039 Ambiorigis.
949 3964 1089 4019 Vide
1119 3985 1234 4037 sup.
1323 3963 1423 4017 bus
1446 3964 1619 4017 Caesar
1645 3964 1949 4016 interfectus
1978 3976 2071 4016 est.

221 4067 332 4122 etp.
369 4051 420 4103 5.
1408 4063 1457 4096 2.
1481 4042 1689 4095 Multum
1715 4061 1854 4113 quum
1880 4045 1930 4092 in
1952 4043 2162 4095 omnibus
2179 4046 2331 4109 rebus,

277 4131 441 4199 7.Per
452 4130 767 4183 Arduennam
779 4123 1237 4187 silvam,etc.Hunc
1323 4135 1411 4175 etc.
1433 4122 1543 4176 Cic.
1571 4122 1717 4173 Orat.
1753 4139 1853 4192 pro
1876 4120 2159 4186 Marcello,
2194 4144 2239 4178 c.
2268 4130 2332 4179 6:

219 4208 396 4262 locum
425 4209 728 4283 parenthesi
757 4208 1017 4260 inclusum
1036 4241 1052 4269 ,
1072 4204 1236 4256 inter·
1322 4203 1383 4255 ln
1411 4207 1554 4253 armis
1578 4205 1828 4254 maximam
1849 4214 2040 4271 partem
2074 4208 2335 4276 quasijure

219 4290 457 4359 polutum
471 4329 488 4358 ‚
506 4304 560 4345 et
581 4309 613 4344 e
636 4288 870 4360 margine
894 4287 1162 4341 intrusum
1178 4285 1236 4339 in
1312 4285 1518 4350 fortuna
1542 4282 1639 4335 sibi
1662 4280 1893 4344 vindicat,
1919 4293 2009 4434 gc.

313 4374 374 4440 I.
1879 4385 1904 4433 ι
