3111 5147
532 559 669 627 DE
721 558 1067 627 BELLO
1121 558 1612 630 GALLICO.
1669 560 1859 630 LIB.
1915 564 1998 632 V.
2196 564 2336 661 193

203 693 436 779 deret,
471 691 845 761 constituit:
889 689 1218 758 interdicit
1253 705 1448 784 atque
1490 693 1771 787 imperat
1814 695 2343 784 Cassivellauno,

203 825 296 869 ne
342 797 816 867 Mandubratio
835 849 856 884 ‚
898 821 1028 865 neu
1068 796 1578 867 Trinobantibus
1622 798 1865 868 bellum
1909 800 2107 871 faciat
2120 788 2162 871 ⁸.

317 906 602 974 xxm.-
636 901 993 971 Obsidibus
1012 905 1297 998 acceptis
1313 957 1331 990 ,
1353 906 1711 973 exercitum
1740 905 1995 976 reducit
2015 908 2102 976 ad
2126 933 2308 978 mare
2323 963 2343 999 ‚

207 1036 417 1081 naves
460 1011 716 1079 invenit
748 1008 1043 1078 refectas.
1082 1011 1201 1078 His
1236 1009 1534 1079 deductis
1553 1009 1595 1096 ¹,
1624 1011 1802 1106 quod
1830 1026 1897 1081 et
1930 1017 2343 1110 captivorum

207 1142 532 1212 magnum
561 1140 911 1184 numerum
940 1115 1263 1203 habebat,
1281 1132 1348 1186 et
1370 1116 1701 1186 nonnullae
1731 1133 2119 1213 tempestate
2148 1122 2342 1216 depe-

208 1229 465 1295 rierant
485 1247 689 1293 naves
704 1277 725 1311 ‚
751 1222 1010 1292 duobus
1039 1223 1512 1292 commeatibus
1527 1221 1549 1248 ²
1581 1226 1939 1294 exercitum
1970 1213 2345 1321 reportare³

211 1332 496 1402 instituit
508 1317 551 1398 ⁴.
577 1332 676 1398 Ac
715 1331 809 1398 sic
843 1328 1113 1417 accidit,
1135 1331 1230 1397 uti
1270 1354 1351 1398 ex
1392 1344 1578 1398 tanto
1609 1332 1875 1399 navium
1904 1357 2216 1422 numero,
2246 1349 2349 1404 tot

215 1435 744 1531 navigationibus
763 1489 783 1523 ‚
823 1460 1036 1530 neque
1088 1436 1252 1523 hoc,
1293 1460 1504 1530 neque
1561 1438 1897 1530 superiore
1948 1461 2123 1509 anno
2143 1494 2163 1529 ,
2214 1440 2350 1510 ulla

219 1546 491 1613 omnino
519 1545 708 1611 navis
722 1527 767 1629 ⁵,
803 1567 950 1636 quae
979 1541 1214 1611 milites
1245 1556 1574 1636 portaret,
1611 1542 2128 1613 desideraretur:
2164 1560 2232 1614 at
2266 1571 2348 1614 ex

219 1651 329 1737 iis,
362 1674 510 1743 quae
542 1652 769 1717 inanes
802 1672 880 1716 ex
924 1650 1285 1717 continenti
1316 1648 1397 1715 ad
1435 1672 1587 1716 eum
1615 1651 2143 1736 remitterentur,
2169 1653 2346 1745 prio·

223 1759 312 1825 ris
353 1739 796 1824 commeatus⁶
821 1755 1130 1848 expositis
1161 1752 1474 1823 militibus
1494 1806 1514 1840 ‚
1541 1769 1609 1823 et
1642 1779 1805 1848 quas
1846 1770 2075 1849 postea
2112 1756 2344 1826 Labie-

223 1886 350 1930 nus
398 1859 728 1931 faciendas
778 1873 1128 1929 curaverat
1175 1884 1453 1929 numero
1505 1863 1637 1928 LX
1668 1914 1687 1948 ‚
1732 1884 2078 1955 perpaucae
2125 1861 2345 1930 locum

229 2087 358 2143 dein
384 2089 556 2142 cesar
585 2085 873 2159 protendit
898 2103 912 2137 :
941 2103 1064 2137 nam
1103 2083 1242 2138 vidi·
1328 2085 1390 2137 de
1413 2082 1647 2156 rvmqu
1671 2084 1940 2140 interdum
1964 2088 2159 2141 cibaria
2177 2100 2232 2141 et
2248 2089 2348 2142 alia

230 2187 353 2221 inus
381 2186 503 2220 enm
530 2166 584 2218 in
603 2166 883 2220 Germania
904 2162 1107 2217 tamdiu
1125 2183 1243 2216 mo·
1329 2164 1397 2218 ad
1465 2184 1619 2218 usum
1691 2166 1947 2218 exercitus
2012 2168 2345 2238 pertinentia.

229 2261 408 2302 ratum
437 2265 543 2299 esse
558 2284 576 2312 ‚
601 2244 852 2318 quamdiu
883 2243 1113 2297 consiliis
1137 2244 1245 2296 suis
1330 2244 1620 2316 Utriusque
1671 2243 2064 2314 significationis
2110 2248 2347 2320 exempla

231 2327 571 2390 convenii-eu
599 2337 653 2379 et
681 2326 747 2377 ab
790 2342 879 2388 ea,
907 2323 1062 2375 sicuti
1098 2339 1244 2376 nunc

230 2428 257 2461 a
284 2407 556 2462 Britannia
573 2444 585 2463 .
607 2402 899 2476 prudenter
924 2401 1245 2466 discessisse,

231 2486 500 2542 obsidibus
527 2485 843 2555 tributisque
874 2482 1127 2553 acceptis,
1152 2482 1245 2535 ubi

230 2569 461 2641 primum
475 2586 557 2620 res
569 2576 826 2638 posceret,
838 2563 978 2617 salva
990 2582 1108 2629 sua,
1127 2582 1248 2617 nec·

233 2668 334 2703 non
362 2648 422 2701 P.
460 2649 525 2700 R.
566 2645 765 2718 gloria;
794 2656 1097 2698 contentum
1134 2644 1246 2696 scil.

231 2728 530 2801 reipublicae
569 2743 714 2778 arma
755 2722 822 2777 ad
847 2724 1070 2799 ‘ultimas
1103 2723 1247 2776 orbis

233 2810 338 2862 noti
353 2820 535 2880 gentes
542 2805 839 2878 protulisse.
855 2804 975 2869 Qua
985 2820 1044 2855 re
1060 2802 1246 2881 fiebat,

235 2902 290 2941 ut
306 2888 447 2941 Galli
461 2887 564 2958 ipsi
585 2884 717 2939 tanti
739 2883 888 2937 ducis
904 2881 1249 2936 admiratione

235 2981 387 3040 atque
414 2967 672 3039 opinione
704 2962 915 3017 virtutis
938 2964 1050 3033 ejus
1078 2961 1248 3032 capti,

235 3049 518 3120 paratiores
553 3044 624 3099 ad
651 3040 1007 3098 obediendum
1032 3040 1249 3106 flerent3

235 3129 314 3181 vel
332 3127 376 3180 si
390 3125 457 3180 ad
469 3144 618 3179 arma
631 3141 945 3178 concurrere
966 3118 1219 3175 auderent
1231 3156 1250 3184 ‚

237 3207 409 3279 primo
427 3223 691 3260 concursu
715 3204 965 3275 abjicere,
980 3220 1040 3255 ac
1067 3217 1252 3272 pacem

235 3301 413 3358 petere
440 3298 769 3358 cogerentur.

329 3369 382 3421 8.
443 3366 636 3419 Bellum
673 3366 849 3431 saciat.
909 3360 1014 3413 Alii
1068 3370 1251 3411 noceat.

1327 2323 1527 2394 prebet
1558 2335 1751 2377 noster.

1412 2402 1464 2455 3.
1495 2403 1775 2475 Repertare.
1798 2403 2056 2457 Nonnulli
2072 2403 2229 2458 codd.
2261 2406 2348 2458 de-

1322 2495 1535 2554 portare.
1566 2483 1758 2536 Melius
1801 2495 1976 2536 autem
2013 2485 2192 2556 ptius3
2223 2486 2350 2556 quia

1329 2564 1619 2623 exercituin
1633 2602 1652 2630 ‚
1673 2583 1835 2636 quem
1862 2581 2035 2636 nuper
2059 2563 2117 2618 in
2144 2566 2353 2621 Britan-

1331 2644 1476 2697 niam
1503 2645 1809 2715 deportatae,
1849 2662 1994 2699 nunc
2034 2645 2089 2698 in
2122 2645 2352 2700 Galliam

1332 2736 1559 2793 reportat.

1414 2809 1467 2866 4.
1508 2805 1740 2857 Instituit.
1778 2803 1883 2856 Alii
1913 2808 2172 2858 constituit.
2208 2804 2353 2860 Illud

1333 2881 1622 2948 efficacius,
1650 2901 1680 2935 e
1713 2882 2101 2954 Cesarisptylo.
2131 2884 2354 2939 Codices

1333 2962 1535 3026 nostri,
1557 2965 1780 3013 instieaedt.

1418 3041 1470 3094 5.
1496 3041 1737 3112 Neque...
1767 3039 1870 3090 nlla
1899 3043 2049 3092 navis.
2085 3041 2167 3093 Al.
2205 3061 2353 3113 neque

1336 3120 1468 3172 nulla
1482 3158 1497 3181 ,
1541 3138 1690 3173 more
1725 3137 1926 3190 greco,
1963 3137 2109 3190 neque
2157 3121 2316 3173 nuum
2334 3159 2352 3187 ,

1335 3200 1726 3253 vehementiore
1740 3198 2030 3269 negatione.
2045 3199 2127 3251 Ita
2141 3217 2361 3271 quoque

1338 3279 1576 3350 Propert.
1609 3281 1752 3350 Eleg.
1781 3279 1817 3331 l.
1851 3296 1927 3343 11,
1963 3280 2064 3343 15,
2094 3280 2126 3332 5
2158 3297 2173 3332 ε

1339 3359 1459 3401 Nulla
1483 3374 1611 3414 noque
1634 3369 1724 3399 ante
1750 3369 1835 3398 um
1861 3360 2011 3399 orietur
2035 3361 2116 3398 rin
2136 3360 2330 3401 abenas.

238 3445 373 3500 cod.
417 3446 568 3515 5763
586 3483 603 3510 ,
633 3455 825 3504 noceat,
867 3459 1020 3494 sensu
1057 3456 1255 3510 pravo;
1339 3450 1392 3491 et
1419 3438 1716 3491 Nemesian.
1742 3437 1854 3489 Ecl.
1885 3453 1960 3501 11,
1987 3440 2079 3499 46.

239 3526 368 3579 item
397 3521 680 3594 5764,sed
695 3518 964 3575 &secunda
991 3537 1167 3572 manu,
1190 3516 1255 3569 In
1342 3515 1478 3557 Nullos
1501 3530 1572 3555 nee
1598 3526 1773 3570 myrtus,
1795 3530 1865 3555 nee
1884 3514 2016 3554 lauru·
2041 3517 2161 3569 spirat
2182 3517 2333 3557 odores.

238 3605 357 3659 aliis
375 3601 556 3655 eadem
577 3603 812 3656 varietas.
1439 3597 1492 3646 6.
1531 3593 1719 3645 Prior-is
1765 3603 2061 3644 commeatur.
2102 3593 2361 3646 Nonnulli

318 3684 455 3737 Cir.
474 3682 669 3736 xxm.
694 3701 714 3735 1
727 3722 740 3735 .
759 3680 854 3733 His
867 3678 1095 3731 deductis.
1117 3679 1258 3729 Bene
1343 3672 1479 3725 male
1499 3685 1619 3724 ante
1636 3673 1748 3724 haec
1762 3671 1921 3723 verba
1934 3684 2282 3742 reposuerunt
2294 3684 2359 3725 et.

236 3764 485 3826 declinetis,
525 3762 581 3815 in
623 3780 801 3826 mare,
849 3772 909 3812 nt
960 3769 1260 3830 opponatur
1346 3754 1398 3805 Is
1416 3765 1493 3805 est
1520 3742 1831 3803 ordo'totius
1854 3750 2058 3820 phrasis
2083 3762 2135 3802 et
2151 3769 2363 3803 sensus:

239 3844 482 3896 subductis
510 3843 568 3895 in
592 3842 740 3896 littus
756 3879 773 3906 ,
802 3837 868 3893 ad
898 3835 1259 3891 reficiendum.
1349 3829 1537 3884 accidit
1558 3843 1617 3883 ut
1646 3830 1791 3882 nulla
1822 3826 2365 3883 navis...de⁸idem·e-

241 3922 410 3995 Supra
435 3942 484 3976 c.
522 3939 610 3975 11.
1351 3924 1468 3976 tur;
1501 3908 1592 3964 sed
1620 3922 1681 3961 ut
1706 3927 1770 3961 ex
1801 3908 1896 3971 iis,
1928 3926 2044 3978 quae
2074 3908 2252 3961 inanes
2282 3927 2365 3962 re.

325 4023 375 4056 ².
410 4000 778 4055 commeatibus.
819 3998 1152 4051 Commeatus
1194 3996 1264 4047 si·
1353 3992 1825 4052 mitterentur‚etc.
1847 3986 2092 4057 expositis
2117 3987 2372 4042 militibus

241 4081 455 4154 gnificat
496 4077 768 4134 interdum
808 4096 989 4131 omnes
1023 4095 1144 4139 eos,
1176 4073 1269 4144 qni
1348 4074 1525 4143 prioris
1558 4059 2015 4136 commeatusstpres
2044 4069 2179 4117 avoir
2205 4066 2378 4137 de‘poa

239 4180 349 4214 una
376 4174 561 4223 meant,
594 4170 884 4225 commeant,
916 4168 1004 4209 aut
1031 4154 1122 4225 qui
1167 4171 1271 4205 una
1358 4153 1390 4202 ὰ
1421 4163 1540 4201 terre
1571 4149 1636 4199 les
1677 4146 1856 4199 soldaes
1886 4144 1953 4196 du
1983 4149 2189 4215 premier
2217 4158 2373 4199 trans.

241 4241 467 4295 navibus
479 4250 907 4312 transportantur
925 4231 1017 4299 (un
1034 4243 1275 4305 transpore
1351 4226 1500 4303 port)
1521 4244 1793 4301 perpauco
1823 4226 2000 4279 locum
2024 4239 2289 4298 caperent.

357 4353 414 4416 Ι,
1061 4432 1066 4437 .
1924 4330 2011 4403 13
